3180 5276
712 437 929 500 ..32-

227 643 323 703 opera
354 622 515 708 stipendio
546 621 705 688 liberatus
737 627 831 688 esset.
863 630 890 704 7,
899 665 969 710 20‚2‚
1000 643 1099 707 quam
1127 625 1273 710 ipsorum
1299 625 1420 692 haberi

226 740 379 816 beneficio.
402 735 477 801 bell.
491 734 573 800 oivil.
594 741 623 814 2,
631 776 704 822 ,Μ
735 740 853 800 1111111
874 736 1088 821 tempestatis.
1106 737 1147 802 oi.
1169 737 1304 803 Fischer
1326 739 1344 824 ᾖ
1364 742 1418 804 28.
1450 713 1454 728 ’

311 847 498 913 Ablatirum
525 853 620 912 sotum
643 846 806 913 nonnullis
834 847 915 914 loois
940 848 1028 931 apud
1058 849 1248 916 Sallustium
1268 849 1418 934 legimus,

226 960 283 1026 ubi
303 959 579 1045 praepositionem
600 959 745 1043 aliquam
767 965 1003 1045 exspectamus,
1030 961 1117 1045 quod
1132 982 1293 1041 personae
1313 962 1419 1028 nomi-

226 1077 355 1140 nantur.
399 1072 464 1138 Sed
493 1071 642 1139 omnibus
670 1071 740 1138 fere
768 1072 849 1138 loois
876 1073 996 1139 omissa
1025 1077 1075 1140 est
1095 1075 1305 1159 praepositio,
1328 1074 1420 1158 quod

226 1184 282 1250 alii
305 1184 440 1251 ablativi
461 1184 669 1250 instrumenti
691 1184 743 1250 vel
763 1183 967 1270 praecedunt
992 1185 1044 1251 vel
1066 1190 1256 1269 sequuntur.
1298 1187 1419 1251 Exem-

224 1297 281 1381 pla
311 1297 394 1362 haee
421 1296 547 1363 babeo:
574 1301 748 1380 postquam
777 1317 831 1362 res
861 1316 973 1362 eorum
1007 1301 1121 1363 ciuibus
1157 1302 1291 1364 moribus
1329 1302 1419 1380 apris

226 1413 325 1474 auota
347 1408 415 1474 Cat.
440 1415 502 1496 6‚3.
525 1429 565 1474 ea
588 1408 712 1474 consita
732 1407 875 1474 arbustis
890 1430 1009 1489 pecore
1036 1413 1135 1493 atque
1162 1414 1330 1476 cultoribus
1351 1410 1430 1479 ire·.

226 1520 469 1605 quentabantur
490 1522 559 1605 lug.
583 1527 634 1601 48,
642 1561 667 1607 4.
695 1521 770 1586 dein
792 1521 928 1588 castella
950 1526 984 1587 et
1004 1521 1125 1607 oppida
1146 1531 1262 1588 nature
1286 1527 1320 1587 et
1341 1526 1419 1586 uiris

224 1655 342 1718 parum
364 1634 489 1699 munita
511 1632 701 1717 aggreditur
719 1634 788 1718 Ing.
810 1639 894 1720 87‚1.
925 1639 958 1699 et
980 1633 1075 1698 simul
1103 1633 1231 1700 hostem
1259 1639 1419 1699 tormentis

224 1751 458 1826 supitturiisque
489 1750 522 1810 et
544 1750 757 1826 funditoribus
789 1745 913 1810 eminus
931 1749 1056 1811 terrere
1086 1745 1153 1829 Ing.
1184 1751 1268 1832 94,3.
1301 1744 1419 1812 muniti

227 1857 401 1923 advorsum
417 1856 520 1923 hostis
542 1877 607 1922 non
629 1861 784 1923 moenibus
805 1857 901 1923 modo
925 1862 958 1922 et
981 1863 1075 1923 armis
1100 1862 1198 1940 atque
1213 1863 1289 1923 viris
1305 1877 1419 1924 verum

226 1970 325 2034 etiam
347 1970 449 2034 multo
470 1969 573 2053 magis
594 1969 740 2034 locorum
764 1974 933 2048 asperitate
953 1970 1021 2053 Ing.
1046 1975 1097 2050 89,
1104 2011 1129 2055 4.
1160 1973 1336 2053 augeretur
1357 1991 1419 2034 nu·

224 2103 333 2147 merus
355 2086 442 2146 lectis
464 2087 549 2146 uiris.
572 2081 610 2146 ir.
633 2081 689 2146 ΠΙ.
714 2087 754 2147 67
774 2081 855 2166 (Vl),
878 2087 964 2146 lectis
985 2087 1061 2147 viris
1082 2082 1160 2147 viris
1181 2080 1345 2148 ablativus
1367 2085 1419 2146 est

225 2193 403 2259 absolutus.
447 2192 573 2258 Similia
609 2193 758 2277 exempla
789 2213 806 2258 e
834 2193 925 2258 Livio
964 2193 1061 2259 affert
1096 2193 1247 2258 Kiihnast
1279 2214 1311 2277 p.
1346 2199 1417 2260 159.

225 2305 314 2370 nullo
340 2304 444 2390 adjuti
466 2325 527 2370 neo
555 2311 633 2371 duee
652 2324 712 2370 neo
735 2310 875 2370 exercitu
898 2311 1030 2392 23,42.6.
1060 2311 1187 2371 luxurie
1215 2310 1285 2370 uiuo
1306 2309 1417 2370 scortis

226 2422 421 2497 omnibusque
442 2422 548 2482 lustris
578 2437 639 2502 per
661 2421 765 2483 totam
788 2417 928 2483 hiemem
950 2418 1115 2484 confectos
1138 2423 1270 2504 23‚45‚2.
1300 2417 1418 2483 Caesa·

203 2551 294 2595 -rem
324 2530 388 2594 bae
418 2530 658 2596 construetione
688 2550 754 2596 non
782 2530 832 2594 uti
854 2533 997 2596 testatur
1017 2529 1168 2595 Kiihnast
1189 2551 1220 2614 p.
1244 2535 1314 2609 159,
1341 2550 1419 2594 nam

225 2642 322 2708 simili
342 2641 414 2707 looo
435 2642 711 2727 praepositionem
740 2642 852 2706 iterat:
883 2640 958 2708 bell.
987 2641 1061 2726 gall.
1085 2648 1114 2722 5,
1121 2682 1193 2728 m,
1226 2642 1358 2708 tametsi
1378 2646 1417 2706 ob

226 2759 305 2820 duee
334 2758 368 2819 et
394 2775 413 2818 u
438 2761 572 2834 fortuna
600 2753 842 2820 deserebantur.

311 2866 350 2931 In
370 2865 410 2931 iis
433 2864 645 2947 dictionibus,
674 2885 758 2950 qnae
786 2865 919 2932 adrem
941 2865 1116 2932 militarem
1138 2865 1303 2950 pertinent
1325 2863 1418 2930 abla-

224 2978 310 3043 tivus
340 2977 428 3044 solus
449 2979 560 3044 multis
588 2979 669 3043 loeis
689 2978 860 3058 invenitur,
890 2977 948 3043 ubi
974 2998 1033 3044 nos
1062 2978 1114 3044 vel
1140 2976 1416 3063 praepositionem

226 3111 303 3168 cum,
324 3089 376 3156 vel
392 3094 430 3156 ub
446 3091 498 3156 vel
511 3109 575 3170 per
598 3088 829 3156 desideramus.
876 3089 975 3176 Cujus
1004 3090 1053 3156 rei
1073 3109 1139 3155 non
1161 3089 1296 3154 aliaest
1317 3109 1418 3154 eausa

225 3221 324 3285 quam
346 3202 434 3286 quod
455 3203 675 3267 Romanorum
702 3202 882 3287 imperator
904 3201 1061 3268 militibus
1090 3222 1155 3267 non
1174 3206 1212 3267 ut
1232 3200 1418 3267 hominibus

175 3322 178 3326 ’
226 3313 283 3378 sed
303 3319 341 3379 11
361 3312 460 3379 rebus
482 3313 534 3379 vel
550 3313 773 3380 instrumentis
795 3313 966 3380 utebatur:
988 3317 1173 3399 opportuna
1193 3313 1267 3378 looa
1289 3319 1418 3378 ermetis

225 3430 396 3492 bominibus
426 3425 575 3492 obsidere
598 3425 667 3491 Cat.
690 3431 766 3512 27,2.
788 3426 837 3491 ita
865 3430 1019 3507 expeditis
1036 3413 1196 3506 peditibus
1220 3430 1285 3491 suis
1313 3424 1419 3490 hostis

225 3557 329 3622 paene
357 3537 460 3604 111111
484 3538 563 3604 dare
586 3538 655 3622 Ing.
679 3545 762 3625 59‚3.
783 3540 923 3623 primum
952 3538 1109 3623 impetum
1131 3537 1256 3603 Sertori
1285 3536 1419 3606 victoris

225 3656 311 3714 11111
339 3655 482 3716 militibus
510 3654 544 3716 11
562 3650 674 3716 multo
698 3655 902 3730 paucioribus
930 3651 1069 3716 sustinui
1100 3649 1159 3734 Ep.
1188 3649 1298 3734 Pomp.
1323 3647 1416 3716 511.

225 3766 338 3827 Liuius.
361 3765 391 3844 2,
397 3803 488 3849 ,4,12,
516 3784 573 3828 suo
600 3768 693 3828 milite
721 3763 806 3829 vinei
834 3763 971 3828 Romam
1002 3783 1108 3847 posse.
1132 3767 1265 3848 21‚46‚5.
1294 3781 1419 3826 cornua

226 3879 364 3939 Numidis
383 3873 493 3940 firmat
515 3880 565 3956 23,
573 3915 647 3962 29‚4,
666 3879 814 3954 IIispanis
826 3881 854 3956 3,
860 3914 934 3961 ΒΜ,
950 3879 1098 3955 patriciis
1106 3877 1274 3955 juvenibus
1287 3893 1418 3958 saepse-

225 3991 280 4052 rat
306 3987 421 4053 latera.
477 3990 592 4052 Ouesur
620 3986 695 4053 bell.
725 3986 799 4071 gall.
831 3993 925 4073 1‚3‚1,
957 4007 995 4052 eu
1021 3992 1141 4069 lenione
1175 4006 1274 4070 quam
1306 3977 1419 4051 seeum

225 4098 371 4164 babebat
399 4103 675 4179 militibusque
699 4120 828 4164 murum
931 4099 1117 4183 fossamque
1146 4098 1305 4182 perducit.
1332 4102 1380 4178 15,
1390 4138 1417 4183 3,

227 4210 315 4294 quod
342 4215 516 4292 quiupentis
554 4215 704 4291 equitibus
741 4215 868 4276 tantam
897 4211 1138 4277 multitudinem
1167 4211 1312 4295 equitum
1340 4229 1420 4293 pro·

225 4322 379 4407 pulerant
409 4322 449 4388 oi.
471 4323 535 4388 (111.
557 4322 638 4388 Phil.
663 4328 798 4410 2‚17,43‚
826 4323 925 4389 famil.
947 4323 1284 4410 4,,,,,,111111111.
1308 4326 1378 4388 162.

313 4435 473 4502 Usitatior
502 4433 586 4502 haee
616 4434 745 4501 dicendi
773 4435 859 4501 ratio
889 4441 948 4516 est,
978 4435 1006 4501 si
1033 4440 1200 4520 ponuntur
1230 4433 1417 4500 oolleotiva:

227 4570 350 4629 manus,
380 4552 505 4627 copiae,
539 4552 723 4626 praesidia:
758 4547 916 4613 maximas
950 4547 1093 4613 hostium
1131 4548 1242 4631 eopias
1275 4545 1418 4631 populus
