3180 5276
660 462 876 524 ...47-

260 649 417 725 perdta:
448 665 545 730 quem
577 665 709 725 corpore
738 649 772 712 et
802 651 910 726 unqua
937 645 1098 730 percitum
1125 650 1160 712 et
1186 646 1364 731 inquietam

171 756 215 822 fr.
240 758 279 823 ll.
301 763 350 824 35.

256 875 386 950 plures.-
414 869 493 954 quia
520 867 631 936 hostes
661 891 789 937 numero
809 869 921 955 plures
942 873 976 936 et
1004 869 1149 955 undique
1177 869 1365 938 circumfusi

170 987 271 1048 erant
289 982 359 1066 Ing.
381 987 465 1069 97,5.
1241 965 1244 972 ’

256 1099 535 1174 perterricrepam
557 1115 671 1180 gerere
695 1114 794 1179 quam
814 1093 887 1160 fieri
909 1102 1045 1176 tempore
1065 1095 1238 1180 posterius,
1256 1117 1294 1162 re
1316 1100 1365 1162 at·

171 1225 241 1289 que
262 1227 321 1272 usu
337 1210 432 1286 priua
455 1211 506 1275 est
525 1207 595 1292 lug.
618 1213 719 1298 ΒΜ

255 1323 380 1396 potior:
400 1318 491 1384 illam
513 1317 652 1385 alteram
671 1323 775 1399 specie
797 1339 895 1402 qnam
917 1341 976 1384 uso
997 1318 1158 1402 potiorem
1179 1320 1248 1403 lug.
1261 1325 1342 1406 1⁶2⁶·

256 1435 368 1510 prior:
389 1428 437 1496 ita
458 1451 585 1496 numero
606 1431 733 1514 priores
755 1431 824 1514 lug.
847 1435 933 1516 5⁰se·
962 1430 1040 1514 quia
1062 1441 1164 1496 aetate
1185 1437 1219 1497 et
1242 1436 1364 1512 sapien-

170 1547 221 1608 tia
241 1543 381 1626 priores
403 1543 472 1628 lug.
489 1548 537 1622 10,
545 1583 569 1628 7.
598 1564 704 1627 neque
720 1548 847 1608 comalio
866 1563 973 1626 neque
991 1563 1083 1608 manu
1105 1544 1246 1627 priorem
1265 1542 1381 1609 alium=

168 1654 247 1740 pati
269 1654 338 1739 lug.
361 1661 412 1736 96,
422 1697 448 1742 3.

259 1779 436 1848 promptus:
466 1789 559 1834 manu
580 1771 752 1852 promptus
774 1771 847 1833 erat
868 1766 937 1833 Cat.
959 1772 1035 1852 43‚4
1066 1768 1135 1850 lug.
1160 1773 1219 1853 7‚1.
1257 1773 1365 1849 linqua

169 1899 274 1961 quam
296 1901 388 1945 manu
414 1880 596 1965 promptior
617 1880 686 1964 Iup.
710 1885 797 1966 44‚1.
835 1884 868 1945 et
888 1879 922 1944 in
943 1878 1077 1964 proeliis
1100 1888 1174 1945 uota
1194 1884 1365 1963 promptus

172 1989 217 2054 fr.
239 1991 304 2057 Ino.
328 1996 378 2057 31.

263 2108 398 2182 quiem:
422 2125 512 2184 quom
527 2123 625 2188 super
640 2107 721 2168 omni
736 2123 868 2183 corpore
887 2101 1016 2186 quietus
1027 2101 1171 2169 insidens
1191 2103 1364 2170 fr.111.19.

261 2237 396 2281 vacuus:
421 2214 606 2282 oonsedisse
623 2215 693 2300 jem
715 2221 749 2282 et
770 2220 871 2281 animo
892 2235 1031 2281 vanuum
1052 2214 1121 2298 lug.
1142 2219 1229 2300 52⁶.

261 2333 382 2394 vamur:
404 2327 542 2393 multum
562 2328 747 2412 agitavisse,
769 2347 902 2407 corpore
918 2327 1045 2411 pariter
1067 2330 1167 2410 atque
1190 2333 1289 2392 animo
1310 2348 1365 2394 va·

168 2439 244 2504 rius
265 2440 334 2523 lug.
360 2445 462 2526 ¹13re·
1209 2425 1212 2432 ¹

262 2558 435 2618 vehemens:
457 2562 573 2618 namra
594 2552 696 2632 ferox,
718 2549 891 2617 vehemens
912 2551 981 2617 Cat.
1004 2556 1055 2632 43,
1064 2591 1089 2636 4.

261 2663 437 2731 Praeterea
466 2663 675 2730 inveniuntur
707 2663 842 2730 ablativi
873 2663 1154 2730 substantivorum
1183 2684 1310 2728 numero
1332 2669 1365 2730 et

170 2779 306 2843 nomine.

262 2887 330 2972 lug.
354 2893 425 2973 53,4
447 2909 575 2954 numero
597 2887 825 2971 quadraginta,
847 2887 1021 2953 interfecti.
1051 2886 1119 2971 lug.
1142 2891 1217 2973 93‚3
1239 2909 1365 2955 numero

170 2999 319 3082 quinque
342 3019 440 3083 quam
463 3000 683 3066 velocissimos
705 2999 835 3083 delegit

261 3117 381 3177 nomine
403 3112 546 3178 Massiva
569 3113 637 3195 lug.
654 3117 725 3199 35‚1
751 3111 862 3178 Vaoea
880 3111 949 3194 lug.
964 3115 1034 3198 47„
1061 3109 1190 3176 Muthul
1210 3112 1279 3195 lug.
1290 3117 1364 3198 48„

171 3223 277 3288 Zama
298 3223 365 3308 lug.
389 3230 460 3309 56„
487 3222 605 3290 Gauda
627 3224 695 3308 lug.
712 3229 785 3310 65,l
811 3222 917 3307 Capsa
933 3230 1011 3309 89ηῗ
1033 3225 1239 3308 Aspar108„
1266 3221 1366 3290 Corsa

170 3335 217 3400 fr.
239 3335 278 3400 ll.
302 3339 331 3401 8.
354 3335 511 3420 Publipor
533 3335 572 3400 fr.
595 3335 651 3402 111„
675 3341 726 3403 69.

263 3447 437 3514 Sallustius
466 3447 575 3513 (licere
603 3452 735 3532 poterat
761 3447 830 3531 lug,
857 3451 941 3534 78,2.
975 3468 1052 3513 nam
1077 3447 1141 3513 duo
1172 3452 1249 3514 sunt
1276 3447 1366 3514 sinus

170 3581 278 3648 prope
307 3561 340 3627 in
365 3565 512 3626 extrema
542 3558 654 3626 Africa
687 3565 823 3640 impares
852 3564 1081 3642 mapnitudine,
1112 3580 1213 3639 parer
1240 3569 1364 3627 natura.

171 3673 241 3740 Sed
262 3673 458 3740 attractione
483 3671 625 3756 quodam
646 3671 800 3756 legimus:
844 3693 920 3737 nam
941 3671 1006 3737 duo
1029 3676 1105 3738 sunt
1126 3671 1215 3738 sinus
1310 3678 1366 3738 im·

162 3807 269 3868 pares
289 3789 510 3867 mupnitudiua
534 3789 613 3864 pari
636 3794 762 3862 notura,
790 3784 838 3849 ita
860 3789 897 3850 ut
925 3784 1044 3850 existet
1064 3787 1214 3849 alamus
1236 3789 1366 3864 qualitu-

170 3903 225 3975 tis,
247 3897 303 3980 qui
327 3895 455 3963 dicitur.
500 3896 594 3977 Quod
618 3894 681 3963 hoo
702 3895 800 3961 modo
820 3900 912 3962 ortus
935 3901 985 3962 est
1006 3899 1100 3980 patet
1120 3915 1186 3961 non
1207 3894 1269 3960 nisi
1290 3915 1366 3961 oon·

168 4011 322 4096 junotum
345 4029 416 4074 oum
440 4007 601 4092 adjectivo
632 4008 743 4091 aliquo
772 4006 981 4074 scribendum
1010 4027 1081 4072 esse
1109 4007 1209 4072 illum.
1254 4005 1366 4072 Multis

170 4121 254 4186 loeis
277 4119 399 4205 pendet
419 4118 582 4186 ablativus
604 4141 645 4185 ex
673 4119 773 4186 verbo
796 4140 878 4188 essa:
909 4141 948 4186 eo
968 4123 1202 4186 mansuetudine
1224 4123 1257 4184 et
1278 4122 1365 4183 mise·

172 4237 315 4299 ricordia
336 4233 493 4317 populum
515 4231 696 4298 Romanum
719 4253 847 4316 semper
875 4231 978 4298 luisse
1000 4231 1068 4298 Cat.
1093 4235 1176 4316 34‚1.
1208 4230 1258 4295 uti
1285 4236 1366 4311 sorti

176 4351 274 4428 atque
302 4352 419 4425 parato
453 4345 562 4410 animo
594 4344 665 4411 sitis
696 4342 765 4410 Cat.
790 4350 840 4426 58,
850 4384 875 4430 3.
928 4363 994 4427 qua
1023 4363 1178 4428 magnum
1208 4347 1242 4408 et
1269 4347 1365 4408 atrox

174 4462 324 4538 variaque
345 4461 474 4522 victorio
496 4455 724 4541 fuitlug.5,1.
750 4453 808 4521 ubi
830 4455 970 4540 primum
995 4453 1145 4535 adolevit,
1168 4453 1293 4539 pollens
1318 4455 1365 4521 vi·

175 4568 275 4648 ribus,
299 4575 413 4634 decoro
429 4574 518 4650 luae
540 4567 607 4651 lug.
632 4573 696 4653 6,1.
719 4573 756 4633 ut
778 4573 851 4634 erat
872 4573 1003 4648 impipro
1027 4572 1126 4652 atquo
1149 4573 1218 4632 aori
1240 4573 1364 4649 inperio
