3180 5276
768 453 983 514 ..96-

282 642 423 702 reurioue
443 657 556 719 regum
579 636 755 720 Iugurthae
781 635 938 701 advorsus
960 636 1069 702 fuerat
1084 637 1152 719 Iug.
1170 641 1250 721 35,1.
1273 658 1464 720 quamquam

282 755 313 812 iu
333 755 437 828 priori
460 755 580 814 actione
602 770 641 814 ex
665 748 778 814 amieis
793 748 1028 832 quinquaginta
1042 748 1141 813 vades
1160 749 1297 814 dederat
1309 749 1377 832 Ing.
1387 755 1464 834 35‚9.

282 881 355 925 cum
378 861 462 926 Aulo
484 866 516 926 iu
536 867 684 940 colloquio
713 859 814 926 verba
843 859 923 925 facit
948 861 1016 943 lug.
1039 866 1119 946 38‚9.
1151 862 1270 945 quique
1299 861 1341 926 ab
1371 882 1409 926 eo
1437 867 1464 924 iu

281 978 483 1053 lepotiouibus
506 978 563 1038 ant
584 977 721 1052 imperiis
735 973 891 1057 pecunias
906 973 1109 1056 accepissent
1129 973 1198 1057 Ing.
1214 980 1264 1053 40,
1275 1016 1298 1059 1.
1320 974 1368 1038 ita
1384 973 1467 1057 qnod

281 1090 313 1148 iu
337 1089 590 1150 adversaretur
612 1089 806 1168 optaverant
826 1085 928 1150 otium
947 1085 1016 1168 lug.
1036 1090 1119 1170 41‚4.
1146 1085 1204 1150 sed
1225 1091 1258 1150 in
1281 1107 1318 1150 ea
1341 1091 1466 1166 difficul-
1570 1153 1571 1170 ¹

283 1206 344 1261 tote
368 1196 534 1262 Metellum
558 1217 623 1261 non
651 1197 757 1261 minus
787 1217 882 1280 quam
915 1202 947 1260 iu
970 1201 1062 1262 retur
1085 1201 1243 1262 toralibus
1265 1219 1416 1281 magnum
1438 1202 1468 1261 et
1570 1177 1571 1182 ἵ

281 1309 461 1392 sapientem
498 1309 602 1374 virum
631 1308 731 1374 fuisse
771 1307 953 1392 comperior
979 1309 1047 1392 lug.
1078 1315 1162 1394 45‚1.
1200 1315 1232 1372 iu
1262 1315 1390 1374 uictoria
1420 1308 1469 1373 vel

281 1421 405 1504 ignavis
434 1420 569 1503 gloriari
597 1421 675 1486 licet
700 1421 768 1504 lug.
793 1427 876 1506 53‚3.
905 1421 939 1486 ni
961 1421 1087 1505 pedites
1116 1442 1188 1486 cum
1211 1422 1376 1516 equitibus
1398 1442 1468 1504 per·
1571 1469 1572 1482 2

281 1534 374 1598 mixti
397 1553 548 1616 magnam
573 1533 698 1598 cladem
721 1539 753 1597 iu
775 1554 944 1613 conpressu
966 1533 1114 1598 facerent
1135 1533 1202 1616 Iug.
1228 1540 1311 1620 59‚3.
1336 1534 1375 1598 cf.
1390 1533 1428 1598 fr.
1446 1533 1468 1596 l.

283 1646 332 1710 65.
360 1644 472 1709 furtim
503 1650 602 1728 atque
633 1644 800 1710 eeleritate
831 1645 935 1710 vitare
959 1645 1119 1730 proelium
1141 1651 1173 1709 iu
1196 1656 1396 1725 trausprersu
1419 1665 1469 1708 eo·
1572 1709 1573 1730 p

282 1762 378 1822 natus
402 1762 460 1822 est.
481 1794 524 1806 -
546 1763 577 1821 iu
601 1778 638 1821 ea
661 1767 748 1823 tauta
770 1762 940 1837 asperitate
971 1757 1166 1822 saevissimis
1188 1755 1337 1822 Numidis
1359 1763 1392 1822 et
1415 1778 1469 1840 op·
1572 1733 1573 1778 ἶ

281 1869 359 1952 pido
382 1870 524 1953 undique
548 1869 657 1935 clauso
679 1869 843 1954 Turpilius
932 1868 1078 1953 profugit
1099 1870 1166 1954 lug.
1190 1875 1274 1956 ⁶⁷2³·
1296 1908 1339 1918 -
1361 1875 1394 1934 et
1416 1889 1470 1934 no·

280 2002 394 2046 vorum
423 1981 520 2047 fidem
550 1987 581 2046 iu
610 1992 696 2047 tauto
726 1986 864 2061 perfidio
902 1986 1048 2047 veterum
1077 1982 1218 2066 experiri
1255 1981 1471 2066 periculosum

282 2094 416 2159 duceret
445 2097 513 2177 lug.
544 2100 626 2178 74η.
650 2133 694 2142 -
715 2094 810 2159 sicuti
838 2093 985 2179 plerique
1014 2099 1046 2157 iu
1078 2115 1156 2158 uoco
1185 2099 1339 2160 deditione
1363 2093 1472 2159 officia

279 2206 489 2271 intenderant
513 2207 582 2288 lug.
606 2211 690 2291 75‚3.
720 2245 755 2252 --
789 2205 846 2270 sed
877 2210 909 2270 iu
940 2211 1070 2270 marimo
1098 2216 1198 2270 uestro
1227 2211 1371 2284 beneficio
1400 2226 1472 2270 cum

282 2318 431 2383 omnibus
452 2317 533 2384 locis
554 2339 670 2402 meque
692 2338 813 2400 vosque
835 2317 920 2382 male
943 2317 1038 2382 dictis
1058 2317 1205 2384 lacerent
1225 2316 1294 2402 Ing.
1318 2325 1368 2397 85,
1377 2359 1417 2404 25.
1431 2355 1473 2368 —

281 2451 399 2514 magno
431 2451 503 2496 anm
534 2432 679 2496 exercitu
711 2436 744 2494 ia
767 2435 884 2496 obsidio
906 2431 1047 2496 moranti
1070 2431 1266 2498 frumentum
1290 2432 1392 2497 defuit
1415 2433 1473 2515 Ep.
1574 2443 1575 2448 ’

281 2543 390 2609 Mithr.
416 2549 464 2609 14.
488 2564 661 2611 -serum
688 2542 810 2609 bellum
839 2549 870 2607 iu
901 2549 1052 2623 anqustiis
1083 2543 1229 2611 futurum
1260 2545 1298 2610 fr.
1326 2546 1392 2610 Ino.
1426 2550 1473 2609 15.

281 2655 512 2722 festinantibus
535 2662 567 2721 iu
590 2677 705 2720 rucuma
735 2659 840 2735 iuopia
870 2656 1020 2740 patribus
1043 2655 1082 2721 fr.
1105 2656 1170 2722 Ino.
1194 2663 1244 2722 28.
1269 2677 1352 2740 quae
1376 2661 1474 2740 pacta

282 2774 314 2832 iu
339 2773 537 2832 eouoeutioue
556 2788 619 2832 non
641 2768 881 2851 praestitissent
904 2768 943 2832 fr.
965 2768 1031 2833 Ino.
1056 2775 1106 2835 58.

368 2881 419 2944 Ex
442 2880 627 2965 hujusmodi
647 2880 736 2960 loeis,
759 2881 816 2963 qui
836 2881 1018 2964 praesentis
1035 2880 1192 2964 temporis
1208 2881 1373 2945 notionem
1389 2901 1475 2946 oom-

282 2992 484 3075 plectuntur‚
513 2993 657 3058 manavit
683 3013 779 3072 usus,
805 2993 839 3056 in
872 3013 936 3075 quo
958 2993 1158 3076 praepositio
1181 2997 1213 3056 ia
1236 3013 1309 3057 oum
1331 2991 1475 3058 ablativo

283 3105 456 3189 conjuncta
480 3125 545 3170 non
566 3115 716 3184 puuctum
745 3109 889 3184 temporis
921 3104 1096 3188 significat,
1129 3105 1186 3170 sed
1220 3114 1312 3168 totum
1342 3110 1475 3184 spatium

283 3226 313 3280 et
335 3220 575 3282 diuturnitatem.
619 3217 668 3282 De
689 3217 823 3283 vocibus
847 3222 923 3294 dier,
946 3226 1062 3297 tempus
1080 3218 1150 3302 jam
1172 3237 1272 3300 supra
1294 3216 1369 3281 dixi.
1413 3216 1476 3280 Ao-

284 3328 363 3393 oedo
392 3329 435 3394 ad
462 3329 608 3408 nomina,
639 3350 722 3413 quae
751 3351 816 3394 non
837 3331 944 3414 ipsum
972 3334 1101 3413 tempus
1130 3327 1291 3408 indicant,
1327 3327 1383 3392 sed
1406 3349 1476 3392 rem

282 3441 316 3504 in
337 3444 485 3525 tempore
505 3441 664 3523 agendam
691 3441 743 3507 vel
765 3447 873 3507 aotam
901 3446 959 3506 aut
981 3441 1198 3506 conditionem
1221 3445 1255 3506 et
1275 3444 1396 3505 statum
1418 3440 1476 3504 rei.

283 3554 422 3619 audacia
455 3559 487 3617 iu
517 3557 608 3634 bello,
642 3553 699 3620 ubi
731 3575 797 3639 pax
828 3558 981 3619 evenerat
1009 3553 1175 3637 aequitate
1211 3572 1310 3636 seque
1342 3573 1478 3636 remque

282 3666 447 3751 publicam
475 3666 634 3732 curabant
664 3666 732 3732 Cat.
756 3673 784 3746 9,
791 3709 816 3752 3.
844 3666 879 3731 id
908 3672 959 3731 est
987 3666 1044 3732 ubi
1064 3665 1186 3731 bellum
1219 3669 1327 3730 ortum
1350 3670 1408 3730 est.
1435 3703 1477 3712 -

284 3779 371 3862 quod
393 3785 425 3843 in
447 3783 523 3843 bello
546 3779 675 3862 saepius
699 3779 898 3844 vindicatum
920 3784 987 3860 est,
1016 3779 1072 3862 qui
1105 3783 1219 3842 contra
1249 3778 1422 3860 imperium
1442 3778 1479 3841 in

283 3892 409 3957 hostem
431 3894 657 3975 pugnaverant
680 3891 748 3956 Cat.
772 3897 834 3976 9‚4.
857 3891 906 3956 uti
928 3896 960 3955 iu
983 3895 1118 3956 omuibus
1140 3894 1224 3955 bellis
1240 3889 1370 3955 adesset
1384 3889 1479 3954 vobis

283 4003 351 4086 lug.
378 4009 443 4088 lt,1
449 4046 474 4089 3.
505 4025 588 4086 quae
616 4010 649 4068 iu
672 4007 855 4068 belloverio
889 4008 922 4070 et
943 4003 1120 4068 multarum
1141 4022 1252 4067 rerum
1274 4001 1381 4086 egenti
1402 4002 1479 4066 usui

284 4137 355 4180 esee
378 4115 483 4181 solent
503 4116 574 4198 Iug.
596 4121 670 4201 l3‚3
693 4153 737 4164 —
760 4120 884 4181 eeteros
903 4115 1038 4200 judiciis
1059 4120 1183 4180 terrere
1207 4134 1271 4197 quo
1292 4111 1422 4196 plebem
1445 4119 1477 4177 iu

283 4233 467 4308 mopistrutu
503 4227 663 4312 placidius
702 4233 885 4293 tractarent
914 4227 982 4293 Cat.
1017 4232 1101 4312 39‚2.
1137 4226 1171 4290 in
1201 4225 1397 4308 magistratu
1428 4230 1480 4289 est

284 4361 367 4422 „quo
396 4342 543 4424 tempore
572 4340 767 4422 magistratu
797 4339 1003 4422 funguntur.“
1035 4377 1077 4388 ω-
1107 4338 1163 4421 qni
1185 4357 1303 4420 magno
1331 4339 1480 4403 exercitu

283 4453 362 4517 locis
385 4452 594 4535 aequioribus
618 4451 788 4535 expeditus
811 4451 984 4536 impeditos
1006 4456 1038 4514 iu
1056 4456 1139 4530 supa
1161 4455 1353 4532 sequeretur
1383 4471 1481 4529 „eum

284 4563 431 4646 fugiunt‘
455 4566 523 4628 Cat.
548 4571 597 4644 57,
607 4606 632 4648 4.
654 4570 685 4627 iu
707 4570 819 4629 itinere
835 4570 884 4630 est
905 4564 1000 4643 „dum
1017 4564 1080 4628 iter
1093 4561 1237 4626 faciunt“
1260 4562 1299 4626 cf.
1315 4563 1383 4646 lug.
1399 4563 1478 4646 88,3.
