3180 5276
749 423 966 484 -lss-

266 655 271 662 .
348 609 483 670 omnibus
499 610 590 671 locis:
614 603 779 688 trepidare
789 606 859 690 Ing.
882 611 958 694 38‚5.
1004 609 1225 674 Romanorum
1237 608 1368 674 ordines
1380 629 1453 674 oon-

263 717 399 783 turbare
421 718 490 801 Ing.
513 723 580 802 50‚4
602 737 790 801 oppugnare
819 725 877 786 aut
895 741 1016 805 parare
1033 721 1101 805 lug.
1126 726 1189 806 60„
1212 721 1380 804 pugnandi
1402 741 1454 785 oo-

263 828 352 912 piam
373 829 454 895 faoit
475 831 542 913 lug.
566 835 630 916 82,l
654 851 705 895 me
729 880 736 895 .
760 881 766 896 .
791 882 798 896 .
819 882 826 897 .
848 831 995 898 lacerent
1016 832 1084 916 Iug.
1109 839 1201 919 85‚26.

348 947 561 1023 superioribas
583 947 675 1008 locis:
697 942 785 1009 fessa
805 945 998 1010 consederat
1018 944 1087 1028 Ing.
1111 951 1186 1030 51‚3.

349 1059 465 1120 duobus
486 1060 574 1124 zoor:
599 1061 708 1122 eastra
729 1054 896 1124 faoiebant
917 1056 986 1140 Ing.
1011 1062 1089 1143 etp.
1136 1071 1137 1076 ’

348 1187 403 1232 suo
426 1172 507 1234 loco:
529 1187 673 1252 pugnam
691 1167 800 1234 faeere
823 1169 892 1252 lug.
921 1174 997 1255 (ilfi.

350 1283 410 1344 olio
432 1284 518 1345 loco:
552 1278 616 1345 alio
639 1284 738 1364 atque
761 1280 825 1347 alio
854 1280 926 1347 loeo
950 1333 957 1347 .
981 1331 989 1346 .
1015 1281 1251 1364 ‚requiescere
1276 1280 1346 1364 lug.
1378 1285 1456 1367 722.

350 1390 415 1456 alio
435 1390 507 1457 loeo
530 1441 537 1455 .
560 1440 568 1456 .
592 1441 599 1456 .
620 1391 740 1458 dicturi
756 1414 867 1460 sumus
889 1394 957 1478 Ing.
983 1398 1060 1479 95‚2.

349 1508 420 1568 aliis
443 1508 537 1569 locis:
559 1503 684 1586 proelia
705 1504 810 1570 multa
833 1556 840 1570 .
864 1555 871 1570 .
895 1555 902 1570 .
926 1554 933 1570 .
956 1504 1066 1570 iacere
1087 1504 1156 1588 lug.
1178 1509 1255 1590 87,1.

348 1620 423 1680 locis
444 1620 582 1682 idoneis.-
605 1665 612 1680 .
638 1665 645 1681 .
667 1667 675 1682 .
698 1617 808 1684 vineas
833 1637 930 1700 agere
952 1616 1020 1701 Ing.
1046 1622 1122 1702 76‚9.

350 1732 428 1792 ortis
449 1731 541 1793 locis:
572 1777 609 1794 ..
633 1777 639 1793 .
661 1728 901 1796 multitudinem
927 1779 933 1795 .
957 1779 964 1793 .
988 1778 995 1794 .
1028 1749 1140 1813 pugna
1166 1727 1365 1813 prohibuere
1396 1729 1457 1813 Ep.

264 1837 374 1904 Mithr.
400 1845 448 1906 15.
995 1919 997 1922 ¹

349 1956 450 2017 multis
462 1956 554 2018 loeis:
569 1951 735 2018 hominum
746 1953 794 2019 vis
817 2004 824 2018 .
847 2002 855 2019 .
882 1953 1056 2020 ,invasere
1067 1952 1107 2017 ir.
1122 1952 1188 2018 Ino.
1202 1957 1253 2019 25.
1275 1951 1383 2019 Semel
1395 1957 1456 2032 „lo-

265 2071 341 2132 cue“
373 2064 533 2130 translate
554 2063 680 2149 positus
700 2064 788 2130 idem
810 2065 979 2149 signifieat
1002 2063 1091 2148 quod
1112 2069 1218 2130 status
1240 2063 1291 2128 vel
1312 2064 1457 2130 eonditio

265 2173 333 2239 Cat.
345 2182 421 2261 58‚5.
434 2175 552 2240 Utrum
565 2175 738 2242 Sallustius
751 2177 1030 2261 praepositionem
1043 2176 1201 2262 adjecerit
1211 2196 1322 2255 neone,
1333 2175 1457 2242 disoer-

264 2286 299 2351 ni
320 2307 386 2352 non
406 2290 526 2371 potest,
545 2307 621 2352 uam
643 2287 700 2353 MS
717 2288 804 2354 inter
820 2309 855 2354 se
876 2288 1080 2374 discrepant:
1100 2309 1186 2355 nuno
1206 2305 1283 2353 vero
1306 2307 1371 2371 quo
1394 2288 1455 2373 [in]

264 2398 337 2464 loco
364 2419 418 2464 res
447 2404 578 2466 nostrae
606 2400 679 2482 sint,
708 2401 806 2486 juxta
825 2421 953 2466 meeum
974 2421 1085 2467 omnes
1109 2399 1301 2484 intelligitis.
1344 2399 1456 2466 Livius

264 2510 357 2596 ponit
377 2511 651 2596 praepositionem
675 2512 715 2578 of.
740 2518 826 2599 7,35‚7
849 2513 883 2578 in
908 2533 946 2579 eo
970 2513 1042 2579 loeo
1065 2517 1141 2579 sunt
1162 2533 1230 2594 res;
1263 2512 1384 2578 omissa
1404 2516 1455 2576 est

267 2627 353 2709 tw,
377 2625 555 2690 eommunis
576 2646 629 2690 res
651 2645 712 2707 per
730 2623 812 2690 haec
835 2624 906 2691 loco
923 2630 973 2690 est
990 2625 1110 2710 pejore.
1154 2624 1275 2690 Caesar
1287 2624 1367 2689 dicit
1379 2623 1454 2689 hell.

266 2735 340 2818 gall.
366 2741 452 2822 tm
484 2756 549 2820 quo
577 2737 612 2801 in
641 2737 714 2802 loeo
745 2757 798 2802 res
831 2741 926 2802 esset.
970 2735 1158 2802 Ciceronem
1178 2736 1455 2821 praepositionem

266 2846 416 2913 omittere
454 2847 558 2914 solere
587 2853 729 2915 testatur
766 2848 918 2914 Kiihnast
954 2871 985 2934 p.
1022 2853 1083 2915 184
1114 2848 1206 2914 Anm.
1235 2847 1275 2913 of.
1307 2848 1455 2931 Draeger

265 2982 296 3043 p.
321 2965 392 3027 521.
806 3027 808 3032 .

310 3072 446 3157 Semper
468 3077 606 3159 usurpat
627 3073 801 3139 Sallustius
812 3070 1085 3158 praepositionem
1106 3073 1135 3138 si
1156 3071 1323 3158 conjungit
1342 3091 1456 3138 vooem

268 3183 395 3265 ‚‚loous“
420 3206 492 3250 oum
511 3185 700 3269 pronomine
717 3185 863 3266 relativo,
886 3184 1141 3252 demonstrativo
1162 3184 1214 3250 vel
1236 3183 1456 3250 oumvooihus

267 3295 392 3376 ‚,idem“
415 3301 449 3362 et
471 3296 603 3378 ‚,nllns.“

353 3413 386 3474 ia
409 3430 444 3474 eo
466 3415 549 3474 loco:
573 3408 724 3476 Polaenis
746 3408 905 3474 fratribus
928 3428 1004 3474 aras
1026 3428 1257 3474 consecravere
1278 3407 1347 3490 lug.
1371 3413 1456 3494 ‘lituo

268 3519 401 3604 grandis
421 3519 486 3586 ilex
509 3521 677 3587 coaluerat
696 3522 765 3606 lug.
790 3527 866 3607 93,4.

354 3655 412 3714 quo
434 3638 467 3698 in
490 3640 573 3700 loeo:
593 3634 680 3700 inter
703 3655 738 3700 se
760 3633 847 3700 obvii
867 3633 1006 3699 fuissent
1025 3631 1094 3716 lug.
1122 3638 1198 3718 79,4.

354 3751 386 3812 io
408 3753 470 3813 ullo
491 3754 576 3814 loeo:
599 3744 738 3832 amplius
761 3767 825 3812 uno
848 3745 900 3813 die
923 3795 930 3810 .
956 3795 963 3810 .
987 3795 994 3808 .
1017 3749 1163 3811 moratus
1182 3745 1251 3828 Ing.
1275 3749 1350 3829 76η.

355 3863 464 3938 quitus
487 3864 519 3923 in
540 3863 626 3924 locta
649 3858 809 3926 maximas
830 3857 973 3924 hostium
995 3857 1107 3942 copias
1127 3856 1267 3942 populus
1289 3855 1465 3920 Romanus-

269 4019 276 4034 .
300 4019 308 4035 .
330 4019 338 4036 .
359 3969 483 4036 fuderit
502 3970 572 4037 Oet.
596 3975 650 4056 7‚7.

353 4087 386 4148 in
407 4087 455 4149 tis
477 4087 569 4149 locis:
592 4082 715 4149 diutins
737 4132 745 4148 .
768 4133 776 4148 .
799 4131 806 4148 .
830 4132 837 4148 .
861 4101 931 4148 esse
952 4080 1022 4148 Oet.
1046 4087 1123 4166 58,6.

355 4199 388 4260 tn
414 4200 528 4260 eisdem
550 4199 642 4261 locis:
665 4194 786 4280 operiri
803 4193 899 4279 jubet
917 4193 985 4277 Ing.
1010 4198 1085 4278 54‚9.

354 4311 468 4373 inillis
490 4313 580 4374 zoas:
601 4312 780 4392 tempestas
805 4356 813 4371 .
836 4356 844 4372 .
867 4356 874 4371 .
897 4307 1038 4373 retinere
1057 4304 1126 4387 Ing.
1150 4309 1231 4386 79‚6.

354 4419 531 4486 Praeterea
559 4424 668 4486 exstat
696 4417 896 4502 praepositio
919 4417 1007 4502 apud
1032 4417 1210 4503 adjectiva:
1242 4415 1399 4482 advorsus
1421 4421 1457 4481 et

269 4531 403 4598 alienus.
