3180 5276
639 471 854 533 ..43-

151 640 224 722 mus
245 655 355 721 multis
376 655 687 740 loeisleenjunetum
713 678 786 722 num
803 659 939 735 passivo.
977 655 1144 740 Adseripsi
1166 655 1241 721 hos:
1273 662 1339 738 api-

152 763 282 834 labatur
298 768 403 852 magis
425 768 594 852 magisque
623 768 657 833 in
686 767 756 834 dies
778 769 905 834 animun
933 767 1027 834 ferox
1048 773 1155 848 inopia
1176 768 1223 834 rei
1245 766 1340 833 fami-

151 879 244 945 liaris
261 885 306 946 et
332 885 523 945 eomeientia
558 879 726 946 scelerum.
769 879 838 946 Cat
864 887 928 965 bn.
972 885 1126 946 eoiidmao
1155 901 1214 945 use
1242 885 1340 964 atque

151 995 305 1058 illecebris
339 991 435 1058 faeile
471 1012 534 1076 par
564 991 742 1076 similisque
771 992 889 1059 ceteris
919 991 1123 1058 efficiebatur
1156 991 1225 1058 Cat.
1258 997 1307 1072 14,
1315 1032 1340 1077 4.

150 1126 258 1189 neque
288 1109 446 1170 insonmiis
472 1125 579 1188 neque
615 1108 721 1170 labore
751 1103 884 1188 fatigari
913 1104 983 1170 Oet.
1015 1109 1099 1190 27‚2.
1140 1105 1209 1189 jam
1242 1108 1340 1169 antea

150 1216 239 1301 volgi
252 1219 426 1283 rumoribus
449 1215 651 1300 exagitatum
673 1216 837 1302 Gat29,1.
864 1221 1038 1301 praeterea
1053 1235 1191 1300 quorum
1210 1221 1341 1282 victorin

152 1327 263 1394 Sullae
285 1331 438 1412 parentes
459 1327 636 1412 proscripti
657 1329 726 1394 Oet.
742 1333 824 1414 37‚9.
869 1349 927 1407 quo
942 1334 1070 1394 mmabn
1084 1326 1212 1394 facilior
1231 1327 1340 1394 aditus

151 1440 196 1506 ad
218 1439 383 1506 consulem
473 1438 569 1506 fieret
598 1439 666 1505 (lat.
689 1445 774 1526 43,2.
817 1439 907 1524 iique
935 1444 1050 1505 indicio
1080 1439 1115 1504 T.
1138 1439 1286 1506 Volturni
1307 1446 1342 1506 et

149 1553 335 1637 legatorum
349 1550 562 1636 Allobrogum
581 1555 711 1618 corneti
731 1557 926 1634 confessique
946 1552 1013 1618 sint
1034 1551 1103 1618 Cat
1116 1555 1215 1640 bime.
1259 1561 1340 1618 mein

151 1669 253 1749 atque
273 1668 410 1730 lubidine
431 1663 580 1730 divorsus
602 1667 782 1745 aqiiabatar
802 1664 871 1749 lug.
895 1668 945 1746 25,
954 1705 978 1750 6.
1022 1685 1087 1748 que
1109 1662 1237 1730 facilius
1259 1667 1340 1730 indi-

152 1782 202 1842 cio
223 1775 310 1860 regis
329 1775 446 1842 Seauri
468 1781 502 1840 et
522 1774 723 1859 reliquorum
818 1775 939 1842 delicta
954 1783 1143 1856 patefierent
1163 1777 1231 1860 lug.
1255 1781 1339 1862 321.

150 1909 258 1973 neque
287 1887 385 1972 plane
416 1892 560 1954 occultati
586 1891 755 1953 bumilitate
785 1887 940 1954 arborum
1033 1909 1106 1954 eum
1134 1896 1249 1953 natura
1275 1888 1341 1953 loai

150 2006 223 2066 tum
245 2007 314 2066 dolo
334 1998 399 2084 ipsi
421 2004 520 2082 atque
542 2000 635 2084 signa
655 1998 813 2065 militaria
835 2003 998 2066 obscurati.
1020 1999 1089 2084 lug.
1102 2005 1186 2086 49,5.
1217 2008 1339 2065 noeme-

151 2118 201 2177 m's
224 2117 257 2178 et
278 2117 356 2178 aviis
377 2115 539 2177 itineribus
560 2117 722 2193 ipnoratur
742 2112 812 2195 lug.
833 2117 916 2197 54‚9.
956 2110 1013 2177 alii
1034 2109 1156 2177 bonum
1176 2110 1340 2194 ingenium

151 2229 334 2290 commentia
370 2243 533 2289 accensam
568 2243 640 2290 essa
667 2224 736 2308 lug.
766 2228 817 2303 82,
823 2265 848 2310 3.
900 2228 1009 2304 quina
1038 2227 1131 2289 rebus
1160 2228 1195 2291 et
1222 2227 1341 2289 artibus

149 2336 244 2404 brevi
269 2335 375 2402 Mario
404 2333 627 2420 militibusque
656 2339 834 2401 carissimae
861 2343 969 2417 seems
999 2335 1068 2420 lug.
1099 2341 1149 2416 96,
1158 2376 1183 2421 4.
1235 2355 1341 2419 neque

150 2454 263 2515 tamen
286 2452 417 2516 victoria
438 2468 544 2513 socors
563 2452 622 2514 aut
643 2452 777 2513 insolens
797 2447 906 2513 faetus
928 2447 996 2530 lug.
1011 2453 1113 2534 100,1.
1135 2452 1205 2512 tum
1227 2466 1340 2512 rursus

150 2559 301 2626 Boethus
320 2565 456 2642 flectitur
484 2580 542 2626 seu
563 2565 737 2640 repetendo
760 2557 929 2643 quaesibi
962 2563 1079 2624 duobus
1096 2563 1229 2639 proeliis
1251 2578 1339 2623 vene-

151 2673 442 2758 ranilug.103‚2.
485 2692 536 2752 ne,
560 2692 645 2755 quae
666 2670 729 2755 ipsi
755 2670 898 2737 nefanda
919 2671 1122 2750 existimatis,
1154 2691 1194 2736 aa
1222 2689 1340 2754 parum

152 2791 309 2851 eredendo
339 2784 380 2850 de
410 2784 483 2850 aliis
510 2783 807 2849 circumveniamini
832 2782 886 2849 Or.
909 2783 985 2868 Lep.
1010 2789 1038 2849 l.
1082 2781 1240 2848 scelerum
1269 2802 1339 2848 eoe-

150 2901 285 2962 seieniia
304 2896 462 2980 exagitati
486 2894 540 2961 Or.
561 2894 643 2961 Phil.
667 2901 696 2960 7.
739 2895 822 2960 haee
849 2895 968 2961 sidvle
990 2899 1049 2960 aut
1067 2899 1213 2961 socordia
1234 2903 1341 2959 nemra

152 3013 323 3075 eontracta
353 3012 429 3074 sunt
458 3007 512 3073 Or.
535 3007 618 3073 Cett.
641 3014 671 3074 8.
715 3013 859 3073 audendo
888 3012 922 3073 et
947 3012 1093 3089 sallendo
1121 3011 1155 3070 et
1183 3005 1271 3071 bella
1299 3026 1340 3088 ex

149 3119 247 3188 bellis
268 3127 405 3186 serundo
426 3125 531 3201 mupni
554 3125 637 3202 sueti
665 3119 724 3204 Ep.
746 3117 856 3184 Mithr.
881 3124 930 3186 20.
974 3123 1107 3203 postero
1132 3117 1184 3183 die
1205 3123 1339 3184 liberali·

151 3238 208 3300 bea
230 3237 330 3299 verbis
351 3231 525 3317 parmuleti
547 3237 623 3298 sunt
644 3230 683 3296 fr.
702 3231 756 3298 IV.
780 3237 808 3298 6.

239 3345 427 3430 Sequuntur
449 3349 613 3425 adjectiva,
644 3363 729 3428 quae
743 3343 936 3430 plerumque
958 3343 1181 3411 eireumseribi
1203 3348 1340 3428 pessunt

150 3458 251 3525 verbo
266 3463 411 3539 passivo:

239 3592 331 3637 acer:
354 3591 493 3656 quarum
514 3570 571 3650 vis,
595 3570 692 3636 sicuti
708 3571 850 3636 omnium
864 3569 1008 3636 ferarum
1031 3575 1137 3651 inopia
1150 3571 1214 3637 eibi
1232 3571 1340 3638 aerior

147 3685 220 3769 Iug.
242 3690 294 3764 89,
302 3723 327 3770 5.

239 3817 349 3877 seper:
372 3815 473 3880 aegra
494 3800 590 3880 parte
609 3796 748 3860 militum
763 3795 912 3860 autumni
930 3801 1084 3876 pravitate
1104 3795 1143 3860 ir.
1165 3796 1222 3860 Ill.
1246 3801 1296 3861 67.

239 3929 347 3988 asper:
369 3907 419 3974 uti
439 3907 592 3992 planities
622 3912 695 3973 erat
714 3907 801 3972 inter
822 3906 971 3973 sinistros
999 3907 1118 3973 montis
1140 3913 1174 3973 et
1195 3907 1237 3972 ab
1261 3908 1338 3975 dex-

146 4027 226 4087 tera
243 4041 324 4100 rupe
345 4041 472 4104 aspera.
493 4019 562 4101 Cat,
586 4026 666 4106 59‚2.

238 4153 368 4198 caecam:
397 4129 525 4197 animus
546 4135 693 4212 cupidine
714 4151 830 4197 caecus
853 4131 895 4196 ad
917 4132 1082 4216 inceptum
1105 4132 1210 4198 scelus
1232 4132 1339 4217 rapie-

143 4245 251 4312 batur
270 4244 338 4328 Iug.
355 4249 438 4329 25η.
483 4248 541 4310 aut
563 4248 708 4323 cupidine
735 4263 853 4309 naeuus
874 4243 943 4328 lug.
967 4249 1049 4330 37‚4.
1094 4245 1183 4310 eaesi
1205 4250 1339 4310 avaritia

141 4358 219 4442 Ing.
242 4361 323 4443 80‚5.

237 4479 364 4534 eunius:
393 4472 587 4534 cautissimus
617 4478 697 4533 metu
727 4467 832 4552 gentis
854 4466 898 4533 ad
922 4468 1012 4534 furta
1040 4467 1118 4534 balli
1142 4468 1339 4553 peridoneae

138 4581 187 4648 fr.
203 4580 228 4645 Ι.
249 4585 300 4646 86.
