3180 5276
679 421 896 482 ..19-

278 603 423 670 Ablativi
447 603 510 669 loci
533 603 777 690 adjectivorum,
800 613 890 680 totus,
913 614 1052 680 cunctus,
1074 608 1202 680 medius,
1231 609 1381 684 reliquus,

192 721 299 793 amuis,
332 716 389 799 qui
420 735 440 780 a
462 715 602 782 Caesare
634 719 667 782 et
688 715 843 782 Cicerone
872 715 983 782 multis
1011 716 1091 782 locis
1115 721 1298 801 ponuntur,
1325 715 1404 782 ubi¹

191 829 286 895 sedes
308 826 451 914 alicujus
478 828 527 894 rei
557 827 731 910 iudicatur,
761 827 849 914 apud
869 827 1059 894 Sallustium
1081 847 1146 894 non
1166 827 1382 910 inveniuntur,

91 961 93 964 ·
190 939 250 1006 sed
272 939 435 1006 ablativus
457 939 610 1026 adjectivi
626 945 798 1022 plerusque
820 945 928 1006 exstat
949 940 1016 1024 Ing.
1042 946 1126 1026 itt„
1172 961 1238 1024 qua
1259 945 1382 1026 tempe·

190 1057 277 1117 state
296 1051 580 1135 Carthaginienses
596 1058 752 1133 pleraque
779 1057 891 1134 Africa
915 1051 1159 1137 imperitabant.
1189 1052 1258 1136 lug.
1279 1058 1330 1134 85,
1340 1095 1382 1140 m·

191 1168 291 1246 atque
321 1165 429 1245 etiam,
461 1185 534 1230 cum
565 1163 654 1249 apud
673 1185 732 1231 vos
762 1168 820 1230 aut
839 1164 874 1229 iu
896 1169 1013 1231 senatu
1032 1164 1133 1230 verba
1154 1164 1288 1246 faciunt,
1313 1171 1381 1245 pte·

191 1297 291 1355 raque
315 1281 454 1342 matteas
476 1277 617 1362 majores
640 1297 715 1342 suos
737 1275 905 1342 extollunt.

279 1387 447 1455 Interdum
472 1387 605 1456 difficile
625 1394 676 1454 est
697 1387 887 1474 dijudicata,
916 1392 1026 1454 utrum
1058 1387 1193 1455 ablativi
1223 1389 1289 1454 sint
1308 1388 1381 1469 loci,

191 1520 235 1564 an
256 1501 422 1584 temporis,
445 1506 483 1566 ut
502 1501 536 1566 in
557 1500 608 1566 his
624 1500 713 1582 locis,
736 1499 854 1584 quibus
875 1499 1028 1584 leguntur
1050 1499 1264 1582 substantiva,
1286 1521 1382 1584 proe-

189 1611 269 1676 lium
294 1617 327 1676 et
347 1611 434 1696 fuga.
479 1613 527 1678 uti
550 1618 686 1693 equestri
700 1616 823 1693 praetio
846 1611 930 1677 solet
950 1612 1018 1697 lug.
1034 1618 1084 1693 59,
1091 1654 1118 1699 3,
1147 1612 1323 1696 pluresque
1346 1633 1381 1678 eo

189 1727 308 1796 praetia
337 1744 435 1808 qnam
464 1728 601 1790 omuibus
630 1727 843 1805 superacutus
868 1724 1055 1810 interempti
1083 1724 1152 1808 Ing.
1174 1730 1264 1811 99‚3‚
1294 1724 1383 1809 quod

190 1854 289 1919 saepe
314 1837 456 1922 majores
478 1841 600 1916 asperis
620 1841 706 1902 bellis
728 1836 834 1902 fecere
859 1836 912 1902 Or.
925 1836 1008 1903 Cott.
1019 1841 1068 1903 10.
1105 1856 1181 1902 nam
1204 1840 1280 1902 bello
1303 1835 1383 1921 quid

190 1946 300 2013 valeat
321 1950 391 2013 tute
415 1949 479 2014 scis
498 1948 699 2034 Ing.102‚11,
720 1953 856 2014 omuibus
865 1953 1077 2029 proetiissese
1091 1949 1194 2014 victos
1215 1949 1284 2032 lug.
1296 1953 1382 2034 fflrn

190 2080 228 2125 ea
244 2067 328 2140 supa
340 2059 499 2144 Iugurtha
512 2060 688 2144 impensius
709 2059 806 2126 modo
821 2059 919 2126 rebus
942 2060 1009 2126 suis
1026 2057 1230 2126 diffidens...
1245 2059 1382 2126 Thalam

189 2173 338 2256 pervenit
357 2172 520 2258 lugia„
543 2192 629 2257 quae
649 2171 713 2238 sibi
730 2176 847 2238 duobus
863 2176 997 2253 proeliis
1019 2177 1177 2238 venerant
1198 2171 1381 2258 Iug.103‚2.
1499 2211 1506 2222 ·

265 2283 439 2350 Locativus
454 2283 633 2350 translatus
651 2289 701 2350 est
718 2283 761 2348 ad
774 2283 1021 2367 significandum
1036 2295 1162 2365 tempus,
1177 2305 1242 2369 qno
1256 2283 1382 2368 aliquid

189 2395 236 2461 fit.
280 2396 412 2462 Priscae
426 2395 599 2462 latinitatis
617 2395 750 2462 locativi
772 2401 850 2474 teri,
874 2402 1006 2477 uesperi,
1029 2402 1159 2477 temperi
1178 2396 1229 2464 vel
1243 2401 1381 2476 temperi,

190 2509 248 2592 qui
267 2508 422 2592 leguntur
444 2508 532 2593 apud
551 2508 705 2574 Plautum
728 2513 761 2574 et
781 2508 978 2590 Terentium,
1001 2508 1089 2594 apud
1104 2509 1294 2576 Sallustium
1316 2528 1381 2575 non

189 2620 406 2687 inveniuntur.
450 2620 560 2687 Habet
580 2619 755 2687 locativum
779 2625 924 2687 miiitiae:
952 2621 1126 2707 plerosque
1141 2625 1278 2699 militiae,
1299 2640 1381 2705 pau-

190 2752 246 2797 cos
267 2731 356 2798 fama
379 2733 525 2817 cognitos
556 2732 739 2800 adsciscere
768 2732 836 2818 Iug.
857 2739 942 2820 84‚2,
976 2737 1046 2800 betti
1076 2733 1282 2819 conjunctum
1307 2751 1381 2798 cum

188 2843 329 2910 locativo
354 2849 447 2910 domi:
486 2844 564 2910 belli
586 2844 738 2929 domique
761 2844 951 2929 agitabatur
977 2845 1154 2931 Iug.41,7‚
1182 2845 1270 2911 domi
1289 2843 1381 2911 belli·

190 2976 254 3040 que
277 2956 330 3022 Or.
344 2956 426 3022 Cott.
438 2963 467 3023 6.
511 2953 578 3023 Ubi
603 2957 744 3042 primum
764 2957 899 3024 locativi
919 2957 1025 3024 forma
1046 2978 1120 3023 cum
1142 2956 1286 3024 ablativo
1307 2975 1382 3022 coa-

190 3069 261 3149 luit,
295 3068 458 3135 ablativus
481 3069 596 3136 eodem
617 3090 752 3136 munere
786 3074 931 3150 temperis
952 3069 1160 3154 fungebatur,
1190 3087 1254 3152 quo
1284 3072 1382 3135 antea

190 3179 360 3246 locativus.
406 3182 514 3261 Quare
537 3180 700 3248 ablativus
720 3185 814 3248 notat
834 3187 972 3266 tempus,
995 3202 1060 3265 quo
1081 3180 1161 3265 quid
1182 3180 1229 3262 lit,
1250 3181 1381 3247 innotis

170 3292 255 3358 ¹illis
269 3292 422 3358 vocibus:
446 3302 572 3373 tempus,
591 3303 763 3374 tempestas,
782 3297 859 3372 dies,
882 3316 955 3373 uox,
978 3315 1089 3372 amaus,
1112 3299 1234 3372 menas,
1254 3297 1381 3374 hiemps,

188 3410 304 3487 cipitia.
580 3483 584 3488 ¹

277 3539 314 3584 ea
337 3527 530 3600 tempestate:
565 3517 633 3584 Cat.
653 3523 717 3604 7η,
742 3523 814 3605 17η
843 3523 917 3605 22„
944 3523 1016 3606 24‚3
1041 3523 1116 3604 36‚4
1152 3517 1221 3602 lug.
1244 3522 1292 3604 8,1
1316 3521 1380 3603 13,7

191 3634 266 3715 30,4
297 3635 376 3716 325
402 3635 473 3716 35,1
507 3635 577 3717 37„
613 3635 685 3717 40,5
708 3635 780 3716 65‚5
804 3636 879 3717 90„
911 3635 1005 3716 114,4Ι
1043 3629 1102 3716 Ep.
1124 3628 1235 3697 Mithr.
1261 3634 1309 3697 10.
1341 3628 1381 3696 f.

188 3743 255 3807 Ine.
278 3747 327 3807 33.

277 3859 337 3920 tac
357 3863 551 3936 tempestate:
574 3853 734 3940 capienda
755 3853 906 3921 videntur
926 3854 995 3939 Iug.
1019 3859 1072 3940 3„
1098 3853 1152 3920 Or.
1176 3851 1253 3939 Lep.
1280 3859 1328 3919 10.

276 3971 377 4032 mattis
399 3970 432 4032 et
452 3971 572 4048 mappis
595 3970 822 4060 tempestatibus
843 3987 901 4033 vos
923 3966 1059 4052 cognovi
1080 3965 1149 4032 Cat.
1169 3971 1253 4053 20‚3,
1282 3969 1382 4031 multis

190 4083 419 4159 tempestatibus
441 4077 510 4144 Cat.
536 4083 586 4160 53,
596 4119 621 4168 5.

279 4195 339 4256 atio
363 4199 519 4271 tempore:
544 4194 655 4276 potest
677 4190 742 4256 alio
763 4195 910 4277 tempore
1010 4189 1100 4257 credi
1121 4190 1190 4258 Cat.
1217 4195 1317 4277 filma.

277 4324 312 4368 eo
336 4312 489 4383 tempore:
511 4303 581 4370 Cat.
603 4308 675 4389 48η
701 4309 777 4388 50,4
799 4303 868 4386 Iug.
892 4309 966 4390 55,3
986 4307 1038 4385 64,
1046 4345 1063 4390 4
1085 4309 1173 4390 80,1.

278 4419 381 4482 eodem
404 4425 556 4496 tempore:
580 4415 922 4502 Gat.18‚41ug.60‚1
952 4421 1026 4502 74„
1053 4421 1153 4502 Sim,
1176 4419 1280 4482 eodem
1300 4418 1382 4481 tem·

188 4548 272 4614 pore
295 4550 353 4609 „nu
373 4526 517 4610 gleicher
540 4527 630 4593 zeiu
654 4527 693 4592 fr.
703 4528 758 4593 llI.
772 4533 822 4609 70,
844 4534 948 4594 eodem
970 4533 1022 4593 illo
1045 4537 1180 4608 tempore
1202 4527 1381 4614 Cat.5l‚39.

1135 4632 1174 4684 2*
1320 4633 1324 4641 ’
