3180 5276
603 457 846 518 -101—

127 651 182 712 sub
205 652 329 710 honesto
351 648 483 728 patrum
504 648 561 708 aut
582 641 690 726 plebei
718 646 838 706 nomine
865 641 1100 708 dominationes
1120 639 1320 709 affectabant

129 764 243 837 „anter
266 757 339 821 dem
361 755 582 820 ehrenwerten
602 754 756 820 Namen.“

213 869 363 952 Aliquem
386 867 447 933 sub
474 867 595 932 ditione
619 866 755 951 alicujus
777 888 861 946 esse,
885 868 1077 950 exprimitur
1098 867 1160 933 hae
1182 892 1319 956 praepo-

128 983 243 1048 sitione
265 983 334 1064 lug.
358 987 438 1066 l3‚1.
469 981 524 1064 qui
552 983 609 1045 aab
638 984 766 1059 imperio
798 978 955 1064 Micipsae
984 979 1116 1045 fueraut
1146 982 1319 1070 lug.19,7.

129 1094 341 1160 Gaetulorum
361 1113 480 1176 magna
500 1113 578 1177 pars
594 1097 627 1157 et
643 1090 803 1156 Numidae
818 1109 922 1175 usque
942 1091 984 1156 ad
998 1090 1119 1157 flumen
1134 1093 1320 1161 Mulucham

130 1211 183 1270 sot
206 1211 360 1286 Icpurtho
384 1212 485 1271 erant.

654 1403 795 1490 Super.

214 1542 417 1626 Praepositio
438 1563 544 1622 super,
567 1561 651 1624 quae
672 1541 758 1624 regit
782 1541 969 1619 ablativum,
988 1562 1052 1605 non
1073 1543 1235 1608 invenitur
1258 1544 1320 1608 nisi

20 1733 21 1736 Ἴ
130 1677 192 1720 uno
211 1656 284 1721 loco
305 1656 374 1739 Iug.
399 1660 481 1740 71,5.
512 1653 686 1718 lacrimans
709 1652 893 1718 obtestatur
915 1675 975 1738 per
995 1655 1171 1720 amicitiam
1197 1677 1321 1740 perque

20 1745 21 1766 ¹
131 1789 189 1832 sua
219 1771 317 1832 antea
344 1766 486 1832 fideliter
508 1771 599 1846 acta,
628 1787 668 1830 ne
689 1765 786 1844 super
816 1772 871 1830 toli
899 1772 1017 1831 scelere
1040 1774 1226 1851 suspectum
1250 1789 1321 1834 sese

130 1879 275 1944 haberet.
318 1879 408 1944 Idem
437 1879 525 1944 valet
553 1899 592 1942 ac
612 1878 811 1962 praepositio
839 1884 895 1956 de,
926 1878 982 1961 qui
1012 1899 1089 1943 usus
1120 1879 1322 1963 frequentior

132 1997 200 2056 erat
230 1991 317 2075 apud
347 1993 523 2075 scriptores
552 1995 661 2056 aetate
695 1991 902 2074 posteriores
947 1990 1106 2074 Exempla
1127 2012 1209 2074 quae
1231 1993 1320 2057 inve-

131 2105 262 2170 niuntur
285 2103 372 2188 apud
395 2102 570 2186 scriptores
593 2121 712 2168 aureae
727 2101 845 2166 aetatis
867 2101 1029 2186 congessit
1042 2101 1169 2186 Kriigcr
1186 2124 1320 2187 gramm.

130 2238 160 2299 p.
183 2221 255 2282 517.

215 2328 306 2392 Haec
327 2326 442 2406 habeo,
464 2346 548 2409 quae
572 2325 679 2391 dicam
701 2325 742 2390 de
765 2325 909 2392 ablativo
933 2326 1139 2392 Sallustiana.
