3180 5276
793 467 1009 526 ..50-

274 695 281 722 ·
396 650 566 717 Ablativos
595 671 765 715 mensurae
789 650 963 715 Sallustius
996 671 1123 735 semper
1152 651 1241 714 locat
1269 655 1346 714 ante
1367 671 1471 732 conpa-

310 764 450 830 rativum
479 784 519 828 ex
542 783 606 846 quo
627 761 778 846 pendent,
807 761 906 834 locos.
937 762 993 846 qui
1012 761 1166 846 leguntur
1195 762 1284 847 apud
1306 763 1471 828 Gaesaren:

307 881 458 942 maturius
481 881 580 955 poulo
610 873 684 940 bell.
714 873 789 959 gall.
823 880 931 961 μω.
963 879 1055 939 letius
1083 880 1279 956 inflatiusqrae
1299 875 1400 939 multo
1417 873 1471 938 bell.

309 986 385 1052 eivil
409 995 437 1052 3.
447 1027 486 1073 79.
508 1007 573 1051 non
595 987 710 1052 inveni.
753 986 920 1052 Interdum
948 986 1083 1052 verbum
1113 986 1246 1070 aliquod
1270 987 1474 1070 interpositum

308 1121 379 1164 esse
408 1099 493 1164 inter
521 1099 698 1165 ablativum
728 1103 762 1163 et
790 1098 1046 1183 comparativum
1070 1100 1139 1185 jam
1169 1121 1270 1183 supra
1298 1099 1429 1164 vidimus
1446 1097 1473 1161 ol.

309 1211 362 1276 Or.
383 1210 463 1277 Phil.
490 1217 536 1276 17.
570 1211 637 1277 (lat.
670 1217 697 1291 1,
704 1253 729 1298 3.
774 1211 891 1275 Tribus
921 1215 1048 1276 tantum
1078 1211 1159 1276 loeis
1186 1211 1308 1295 pendet
1336 1211 1474 1276 ablativus

309 1344 348 1390 ex
370 1329 573 1404 superlativo,
603 1345 667 1388 non
698 1345 739 1389 ex
767 1323 988 1406 comparativo
1018 1323 1086 1389 Cat.
1110 1327 1160 1403 36,
1168 1364 1193 1408 4.
1223 1323 1327 1388 multo
1358 1325 1475 1388 maxine

308 1434 493 1502 miserabile
522 1435 633 1501 visum
665 1441 763 1520 ὅλῃ).
794 1435 897 1499 multo
926 1434 1179 1519 pulcherrimam
1210 1457 1283 1500 eam
1303 1436 1475 1501 haberemus

306 1547 375 1631 lug.
398 1553 499 1635 85,33.
527 1547 586 1613 illa
606 1547 709 1614 multo
736 1547 859 1631 optima
880 1546 1102 1631 reipublicae
1124 1547 1239 1613 doctus
1264 1569 1352 1630 sum,
1382 1569 1420 1613 ex
1433 1569 1476 1628 po-

307 1663 397 1725 sitivo
420 1660 508 1725 nullo
528 1658 599 1726 loco
621 1659 750 1744 pendet.

394 1770 537 1838 Verbum
559 1775 676 1850 obesse,
699 1771 786 1856 quod
809 1772 1024 1837 Caesareum
1046 1771 1190 1838 ablativo
1213 1773 1313 1857 spatii
1334 1773 1479 1858 conjungit

309 1882 398 1967 apud
428 1882 617 1949 Sallustium
647 1885 731 1967 regit
758 1890 984 1950 accusativum:
1014 1905 1035 1948 a
1064 1906 1128 1968 quo
1158 1883 1276 1949 aberat
1298 1907 1388 1952 mons
1406 1883 1480 1950 milia
1554 1949 1555 1956 ,

308 1995 421 2079 viginti
448 1997 517 2080 lug.
540 2001 591 2077 48,
598 2039 623 2083 3.
655 1995 694 2062 ei.
718 2001 801 2083 68„
846 1994 941 2062 Solus
971 1995 1133 2062 ablativus
1166 1997 1316 2081 ponitur,
1351 1997 1405 2063 ubi
1431 2002 1479 2062 div·
1555 1987 1556 2058 l

309 2113 408 2173 tentio
431 2107 568 2175 duorum
590 2108 736 2175 locorum
764 2107 981 2192 significatur:
1010 2107 1134 2174 Marius
1164 2110 1313 2193 pervenit
1337 2109 1482 2174 inlocum
1556 2089 1557 2160 l

310 2218 353 2284 ab
374 2219 480 2306 Capsa
507 2241 571 2286 non
604 2221 742 2304 amplius
765 2221 864 2286 duum
892 2220 1027 2286 milhem
1050 2226 1211 2286 intervallo
1232 2223 1301 2306 lug.
1326 2227 1407 2308 91,3.
1439 2221 1482 2285 lu·
1557 2193 1558 2284 l

311 2331 464 2415 gurtham
488 2332 618 2398 circitor
641 2332 740 2398 duum
770 2331 905 2398 millium
930 2337 1090 2398 intervallo
1119 2338 1195 2399 ante
1226 2334 1406 2400 consedisse
1425 2334 1482 2414 lug.
1558 2297 1559 2376 l

314 2450 417 2531 106,5.
449 2449 482 2510 et
514 2445 652 2512 sortasse
682 2444 750 2529 Ing.
775 2450 856 2532 75,2.
882 2450 982 2526 spatio
1005 2445 1142 2511 millium
1165 2445 1408 2530 quinquaginta.
1428 2443 1483 2509 Ms.
1560 2503 1561 2582 1

311 2555 525 2622 exhibentia
556 2558 838 2642 praepositionem.
888 2557 1071 2624 Valentiam
1095 2579 1198 2638 parvo
1224 2563 1383 2624 intervallo
1403 2576 1484 2641 prae·
1561 2607 1562 2686 1

311 2667 436 2735 teriluit
458 2667 496 2734 ir.
519 2669 557 2734 ll.
584 2675 631 2735 18.
656 2669 695 2734 ei.
717 2673 780 2736 Liar.
808 2675 921 2756 15,9.3.
944 2674 1054 2750 spatio.
1079 2675 1219 2755 aare„
1242 2675 1410 2736 interpello.

397 2779 468 2846 Hoo
492 2780 564 2845 loco
594 2781 824 2846 nominandum
852 2787 902 2847 est
929 2781 1063 2847 verbum
1095 2787 1196 2847 metiri
1224 2803 1263 2847 ex
1286 2804 1350 2866 quo
1379 2781 1487 2866 pendet

312 2891 473 2958 ablativus
496 2893 681 2976 significans
712 2892 842 2960 medum
868 2893 1038 2979 judicandi
1062 2894 1129 2960 Cat
1151 2900 1232 2980 3l,2.
1253 2915 1359 2978 neque
1378 2893 1486 2959 bellum

311 3025 433 3089 gerere,
455 3027 560 3090 neque
582 3027 698 3090 paoem
717 3006 847 3086 habere,
875 3028 931 3071 suo
954 3007 1091 3090 quisque
1121 3018 1201 3071 metu
1221 3006 1368 3090 pericula
1391 3003 1487 3070 metiri

312 3117 351 3183 of.
378 3121 437 3184 Cic.
461 3118 589 3184 Tuscul.
620 3120 644 3184 Ι.
668 3124 766 3205 37,90.
797 3122 834 3183 ut
860 3139 931 3183 eam
959 3139 1024 3184 non
1053 3139 1150 3184 sensu
1178 3123 1289 3184 nostro
1313 3119 1370 3184 sed
1393 3117 1487 3182 salute

310 3230 412 3314 ipsius
435 3231 615 3297 metiamur.
638 3231 718 3296 Phil.
745 3236 842 3316 12„,.

398 3347 527 3410 aelatae·
549 3345 679 3408 absoluti
701 3364 812 3409 omnes
833 3342 1011 3408 reducendi
1035 3349 1110 3408 sunt
1132 3343 1176 3408 ad
1198 3343 1359 3409 ablativos
1381 3344 1489 3408 instru-

312 3455 484 3536 mentales,
517 3455 679 3536 causales,
707 3455 851 3521 modales
880 3456 946 3521 sive
974 3455 1021 3520 rei
1053 3455 1239 3521 accidentis.
1292 3456 1386 3535 Quod
1414 3454 1489 3520 actio

312 3567 478 3652 quaelibet
508 3574 596 3634 certo
626 3573 772 3653 tempore
803 3568 938 3649 accidit,
976 3568 1125 3635 omnibus
1156 3568 1308 3634 ablativis
1343 3565 1490 3634 absolutis

311 3681 467 3766 temporis
496 3681 585 3745 notio
617 3682 718 3761 inest,
746 3702 823 3746 nam
852 3686 980 3765 tempus
1010 3682 1156 3746 nascitur
1179 3686 1212 3746 et
1232 3681 1380 3760 sentitur,
1413 3674 1491 3763 quod

312 3813 364 3860 res
384 3799 540 3876 geruntur
563 3797 596 3858 et
614 3814 724 3859 rerum
746 3799 910 3877 gestarum
933 3793 1047 3878 spatiis
1069 3798 1218 3877 tempora
1239 3792 1399 3858 metimur.
1433 3789 1490 3856 Ab·

311 3905 403 3971 lativi
428 3905 569 3972 absoluti
595 3909 706 3970 nostro
729 3925 876 3971 sermone
900 3905 1034 3990 integris
1057 3905 1233 3970 enuntiatis
1249 3903 1405 3970 reddendi
1425 3905 1493 3968 sunt

313 4023 347 4084 et
367 4017 455 4083 varie
471 4019 554 4083 verti
574 4023 720 4102 possunt,
743 4016 831 4101 quod
852 4016 924 4084 fons
944 4039 1056 4083 eorum
1078 4018 1197 4102 triplex
1214 4021 1272 4081 est.
1318 4017 1493 4096 Quaerere

314 4130 356 4197 sit
378 4130 476 4209 notio,
498 4151 538 4194 ex
560 4135 629 4195 toto
650 4130 816 4195 enuntiato
840 4129 1055 4213 colligendum
1070 4135 1126 4194 est.
1172 4129 1215 4194 lit
1236 4149 1351 4194 censae
1374 4133 1407 4193 et
1428 4137 1491 4191 tero·

307 4247 398 4322 poris
419 4240 582 4308 notionem
616 4242 722 4307 inesse
750 4242 784 4306 in
811 4241 863 4307 his
884 4241 1035 4306 ablativis
1057 4240 1171 4307 oredo:
1202 4240 1341 4324 denique
1366 4243 1494 4306 omnibus

312 4353 425 4420 labore
457 4359 490 4419 et
518 4359 611 4420 aestu
639 4358 795 4435 lenonicia
817 4353 967 4420 Metellus
998 4353 1056 4419 ubi
1089 4353 1178 4419 videt
1205 4351 1363 4417 Numidas
1395 4353 1493 4416 minus

312 4466 434 4532 instare
463 4467 531 4550 lug.
560 4472 643 4552 tha.
675 4464 787 4550 plebes
819 4469 975 4530 nobilitate
996 4473 1073 4546 fase
1101 4445 1160 4551 per
1191 4466 1295 4549 legem
1324 4463 1494 4530 Mamiliam

316 4599 416 4646 novos
446 4577 624 4645 extollebat
651 4579 719 4663 lug.
741 4583 823 4664 65„.
855 4582 1029 4661 postquam
1058 4583 1168 4643 omisso
1199 4581 1352 4642 declinere
1381 4575 1496 4642 bellum
