3180 5276
629 461 843 520 ..31-

145 643 363 726 quadraginta
386 649 436 722 58,
441 685 466 728 3.
491 664 530 708 ex
546 642 734 709 cohortibus
748 644 928 710 auxiliariis
945 645 1037 711 miles
1056 647 1223 730 gregarius
1244 653 1326 734 93‚2.

142 756 301 838 promissa
325 756 393 840 ejus
417 756 581 838 cognitum
610 777 650 820 ex
676 756 905 840 praesentibus
926 757 1015 824 misit
1043 764 1126 844 93‚7.
1171 780 1211 824 ex
1234 761 1328 844 copia

141 867 310 933 tibicinum
345 872 378 932 et
400 867 599 934 cornicinum
625 889 759 933 numero
789 868 933 951 quinque
959 869 1080 954 delegit
1101 876 1185 957 93,3.
1230 891 1327 954 quom

143 999 181 1044 ex
204 979 391 1044 fortissimis
421 979 525 1062 magis
552 1000 650 1066 quam
678 1001 718 1045 ex
749 979 1009 1046 familiarissimis
1039 988 1215 1067 paraverat
1242 989 1326 1069 98‚1.

141 1091 201 1154 nisi
223 1091 308 1156 forte
330 1091 363 1156 (l.
386 1090 490 1171 Cotta,
524 1111 564 1156 ex
585 1091 727 1158 factione
747 1093 856 1159 media
880 1093 993 1158 consul
1015 1093 1069 1158 Or.
1092 1094 1191 1160 Meor.
1218 1101 1248 1162 8.
1287 1116 1327 1161 ex

141 1204 225 1267 omni
249 1203 344 1288 copia
365 1203 623 1268 necessariorum
645 1205 788 1288 quinque
811 1204 933 1288 delegit
953 1205 1021 1288 lug.
1044 1211 1144 1293 ¹⁰322·
1189 1211 1327 1274 nanctus

141 1314 292 1379 idoneum
312 1335 352 1380 ex
374 1314 511 1398 captivis
533 1314 648 1380 ducem
669 1315 707 1380 fr.
730 1316 786 1381 lIl.
807 1315 908 1382 till„
952 1337 991 1382 ex
1015 1323 1110 1401 parte
1142 1317 1325 1384 cohortium

142 1476 192 1491 ...
216 1427 344 1492 locatae
367 1426 405 1491 fr.
421 1427 487 1492 luc.
500 1432 550 1492 43.
571 1428 740 1512 Adjectiva
764 1428 815 1494 vol
833 1429 1026 1513 pronomina
1048 1430 1207 1514 adscripsi
1228 1431 1326 1496 haec:

225 1544 373 1622 aliquem:
400 1559 440 1604 ex
460 1538 580 1622 populo
602 1538 670 1623 lug.
688 1546 788 1626 85,10.
812 1562 853 1606 ex
872 1541 1020 1608 omnibus
1044 1541 1170 1626 aliquos
1190 1563 1211 1608 a
1232 1547 1326 1626 tergo

143 1655 294 1715 uenturos
315 1650 383 1733 lug.
410 1656 514 1736 101,3.

226 1783 330 1840 quem:
354 1783 394 1827 ex
415 1761 471 1826 illo
494 1761 589 1845 globo
612 1761 793 1828 nobilitatis
814 1764 882 1848 lug.
907 1771 1007 1850 85‚10.

225 1866 325 1939 clius:
363 1895 403 1940 ex
430 1874 587 1958 gregariis
615 1873 773 1941 militibus
804 1874 872 1940 Cat.
901 1881 982 1961 37,6.
1032 1895 1072 1942 ex
1103 1877 1326 1962 conjuratione

141 1984 208 2050 cat.
228 1992 311 2071 ls,4.

225 2105 394 2178 conplures
417 2117 457 2162 ex
479 2118 517 2163 eo
540 2118 674 2162 numero
697 2098 766 2163 Cat.
788 2103 873 2185 42‚2.

223 2216 356 2275 munina
373 2231 455 2290 pars
477 2230 517 2275 ex
538 2209 709 2304 nobilitate
731 2209 801 2276 (lat.
824 2216 875 2290 43,
883 2252 908 2296 2.

222 2327 379 2388 uiuimus:
403 2343 443 2388 ex
464 2321 529 2388 illis
550 2321 619 2405 lug.
646 2328 727 2408 ll‚3.

223 2440 340 2500 medius
365 2433 528 2504 extribus
550 2433 618 2518 Iug.
645 2439 727 2520 ll,3.

222 2551 308 2611 inulti
330 2568 370 2612 ex
394 2547 527 2612 coloniis
550 2544 619 2612 Cat.
646 2551 694 2625 17,
703 2587 727 2632 4.
772 2567 813 2612 ex
836 2546 989 2612 Romanis
1010 2547 1079 2630 Ing.
1103 2554 1163 2635 7η.

181 2711 183 2716 .
225 2664 362 2724 nonnulli
383 2680 423 2724 ex
445 2657 586 2723 Sullanis
608 2657 730 2723 colonis
752 2658 819 2723 Cat.
843 2663 926 2743 28‚4.

224 2775 366 2850 optimum
389 2791 536 2850 quemque
557 2790 597 2834 ex
620 2770 778 2853 gregariis
802 2769 960 2835 militibus
984 2769 1052 2835 Oat.
1077 2777 1160 2856 59‚3.

219 2903 300 2960 pars
322 2892 434 2962 quartu
458 2901 498 2946 ex
522 2882 608 2948 omni
631 2881 725 2965 copia
747 2881 815 2947 Cat.
840 2887 920 2968 56‚3.

219 2999 316 3073 ponci
339 2994 514 3059 examinis
537 2993 605 3059 Cat.
629 2999 657 3074 6,
664 3035 688 3078 4.
733 3014 774 3058 ex
796 2993 968 3060 clientibus
991 2994 1059 3059 Cat
1083 3001 1166 3081 50‚1.

218 3111 363 3185 plerique
382 3127 423 3172 ex
444 3106 577 3172 Punicis
597 3106 666 3190 Ing.
691 3111 740 3186 19,
750 3146 773 3191 7.
820 3126 860 3170 ex
882 3105 1023 3182 factione
1044 3107 1113 3190 lug.
1137 3113 1188 3189 29,
1196 3149 1220 3194 2.

224 3223 398 3298 qnisquam:
428 3239 469 3283 ex
491 3223 585 3284 tanta
605 3217 812 3284 multitudine
834 3218 903 3285 Cat.
927 3223 1013 3304 36‚5‚
1058 3239 1099 3284 ex
1121 3220 1208 3284 omni
1230 3221 1325 3306 copia

127 3323 203 3394 Cat.
228 3334 307 3415 61,5.

222 3445 354 3522 sinpuli:
376 3462 417 3507 ex
438 3446 553 3507 senatu
574 3442 642 3525 lug.
668 3445 717 3522 13,
725 3481 750 3526 g.

222 3575 319 3619 uuus:
352 3575 392 3618 cx
420 3559 489 3618 tam
510 3553 621 3619 multis
649 3553 717 3638 lug.
742 3558 792 3634 30,
799 3594 825 3639 4.
869 3574 909 3619 ex
932 3573 970 3620 eo
992 3575 1125 3620 numero
1148 3555 1216 3640 lug.
1239 3562 1325 3644 35,6.

127 3686 172 3730 ex
198 3665 351 3731 omnibus
374 3666 498 3732 Italicis
519 3666 587 3750 lug.
611 3671 693 3752 67,3.
738 3686 778 3731 ex
801 3665 950 3731 omnibus
971 3667 1040 3750 lug.
1064 3673 1114 3748 69,
1123 3708 1147 3752 4.

221 3777 272 3842 Ex
291 3778 388 3843 locali
411 3777 647 3862 significatione
670 3777 831 3862 „pendere
854 3799 894 3844 ex
916 3776 1053 3844 arbore“
1076 3780 1238 3845 manavit:
1269 3801 1324 3847 cu-

115 3891 176 3974 jus
204 3890 296 3956 vitae
318 3889 472 3975 necisque
494 3895 641 3974 potestas
663 3910 703 3956 ex
726 3890 842 3975 opibus
864 3889 978 3956 alienis
1000 3891 1121 3974 pendet
1142 3892 1211 3976 lug.
1225 3898 1273 3974 14,
1282 3934 1323 3980 23.

117 4023 206 4086 spes
233 4021 375 4085 opesque
399 4001 468 4085 ejus
491 4023 531 4068 ex
552 4006 647 4086 patre
670 4023 728 4068 suo
750 4003 931 4087 penderent
950 4002 1018 4086 lug.
1045 4007 1148 4088 10'l‚4.

221 4111 376 4178 Averbis
397 4114 555 4198 capiendi,
579 4113 759 4198 accipiendi
781 4113 953 4198 colligendi
974 4120 1034 4179 etc.
1056 4135 1135 4181 usus
1157 4117 1325 4201 praeposi-

112 4225 231 4291 tionis
255 4245 294 4289 eu
317 4225 496 4290 translatus
520 4230 571 4290 est
592 4224 635 4291 ad
657 4226 771 4292 verba:

217 4341 384 4416 accipere:
407 4357 448 4402 ex
473 4338 585 4403 amieis
607 4338 696 4422 apud
717 4338 926 4404 Numantiam
947 4340 1016 4423 lug.
1026 4342 1111 4424 20‚1.
1140 4359 1180 4404 ex
1201 4341 1323 4406 nuntiis

4 4477 6 4549 ζ
106 4453 191 4536 mg,
222 4455 310 4533 46,1.
356 4469 396 4513 ex
416 4455 553 4535 parente
574 4470 646 4514 meo
670 4455 765 4515 etex
790 4450 865 4515 aliis
889 4451 1010 4516 sanctis
1033 4450 1200 4534 virislug.
1223 4457 1322 4537 ΒΜ).

5 4606 6 4620 ,
107 4585 152 4628 ex
177 4563 231 4628 iis
256 4561 324 4644 lug.
350 4567 453 4646 104‚3.

1097 4671 1112 4718 6
