3180 5276
747 444 961 506 ..36-

260 633 311 694 est
331 647 392 713 pro
417 647 474 693 aes
495 627 637 692 alienum
659 627 739 692 meis
760 627 945 694 nominibus
966 627 1089 695 lactum
1112 627 1163 692 vel
1180 633 1392 709 contractum,
1414 635 1451 695 ut

259 761 318 806 nos
348 741 485 806 dicimus
517 738 700 820 „Schulden
730 739 789 805 auf
818 740 946 806 melnen
975 739 1100 806 Namen
1128 740 1284 806 machen“
1314 741 1353 807 cf.
1381 741 1450 807 Cat.

260 858 311 934 24,
322 893 346 939 2.
370 854 543 937 pecuniam
572 874 630 919 saa
653 856 711 918 aut
733 852 911 918 amicorum
931 857 995 931 fide
1017 857 1179 938 sumptam
1201 857 1348 918 mutuam
1368 853 1451 919 Fae·

261 964 349 1030 sulas
438 969 582 1049 portare.

345 1076 513 1142 Interdum
543 1081 605 1142 lies
637 1076 732 1160 quasi
758 1095 900 1160 persona
920 1081 978 1158 est,
1006 1097 1065 1160 per
1086 1097 1184 1160 quam
1206 1076 1330 1161 aliquid
1351 1074 1451 1142 eflici-

259 1193 323 1269 tur,
346 1209 411 1272 quo
432 1189 479 1269 iit,
510 1193 547 1254 ut
569 1188 743 1254 Sallustius
774 1187 937 1254 nonnullis
966 1188 1048 1255 locis
1075 1189 1317 1272 praepositione
1339 1188 1452 1274 utitur,

260 1320 326 1383 qua
363 1299 640 1368 circumscribitur
673 1300 835 1366 ablativus
868 1300 1104 1366 instrumenti.'
1136 1299 1246 1365 Affero
1278 1299 1348 1370 Cat.
1373 1305 1451 1386 45η.

259 1413 308 1478 uti
330 1413 363 1477 in
384 1418 483 1496 ponte
511 1414 622 1480 Milvio
646 1435 709 1492 per
739 1417 870 1478 insidias
901 1412 1112 1496 Allobrogum
1142 1412 1315 1478 comitatus
1337 1411 1454 1496 depre-

259 1522 411 1590 hendant.
435 1524 504 1592 Cat.
529 1531 577 1606 12,
587 1567 610 1611 7.
627 1546 690 1605 per
712 1546 855 1592 rammam
877 1531 978 1591 aceias
1000 1525 1108 1590 omnia
1130 1544 1170 1590 ea
1188 1524 1286 1589 sociis
1299 1523 1452 1588 adimere.

259 1637 328 1720 Ing.
351 1641 412 1722 2‚4.
439 1657 502 1717 per
532 1644 637 1703 meam
669 1642 769 1720 atque
799 1641 954 1718 ipaaviam
977 1642 1119 1702 aetatem
1142 1655 1249 1720 agere.
1287 1641 1454 1720 85‚1.per

259 1753 414 1829 ipsaniam
437 1754 470 1816 et
490 1754 666 1830 superbiam
689 1753 832 1816 aetatem
857 1769 963 1833 agere.
1009 1748 1049 1815 ci.
1073 1747 1280 1814 Badstiibner
1305 1768 1336 1831 p.
1358 1751 1408 1812 31.

345 1859 475 1926 Accedo
498 1860 541 1926 ad
562 1861 741 1928 ablativum
771 1859 930 1926 formulae
953 1881 1052 1942 „opas
1075 1867 1149 1926 erit
1195 1860 1227 1925 Is
1252 1865 1302 1925 est
1332 1859 1454 1924 instru-

259 1972 410 2038 mentalis
432 1977 465 2038 et
485 1973 570 2039 verti
590 1978 718 2058 potest:
753 1973 814 2038 Die
836 1971 941 2038 Sache
967 1972 1092 2039 kommt
1119 1994 1159 2037 zu
1181 1971 1304 2036 Stande
1333 1968 1454 2036 durch:

259 2085 450 2168 priusquam
480 2085 617 2169 incipias
647 2091 783 2150 consalta
818 2090 851 2150 et
882 2083 939 2150 ubi
968 2083 1170 2150 consulueris
1211 2088 1338 2150 mature
1364 2089 1455 2162 facto

260 2216 342 2280 opus
365 2200 415 2262 est
437 2196 505 2262 Cat.
531 2202 592 2282 1,6.
609 2203 698 2277 sacta
719 2216 784 2262 non
808 2197 955 2263 consulto
979 2196 1047 2262 Cat.
1071 2201 1154 2281 43‚3.
1171 2203 1260 2276 sacto
1283 2195 1351 2260 (lat.
1375 2200 1454 2279 laq.

260 2313 344 2393 46,2.
377 2313 498 2388 incepto
528 2307 597 2374 Cat.
628 2314 727 2395 20‚10.
750 2314 881 2388 perdita
908 2312 1068 2387 republica
1101 2307 1170 2373 Cat.
1194 2311 1278 2392 3l,7.
1318 2311 1455 2372 andana

261 2418 329 2484 Cat.
354 2425 451 2505 58‚15.
475 2420 556 2485 nihil
577 2425 607 2485 vi
629 2420 710 2486 nihil
732 2425 905 2486 secessione
931 2421 998 2503 Iug.
1021 2425 1104 2506 3¹sc·
1130 2428 1288 2501 framenta
1318 2422 1376 2482 aut
1391 2437 1456 2496 pa-

260 2535 329 2596 bala
358 2530 425 2614 Ing.
455 2538 537 2617 55‚4.
569 2536 598 2598 a·
621 2532 690 2617 lug.
714 2539 796 2618 55,7.
828 2553 926 2612 opero
959 2535 1018 2596 aut
1047 2537 1171 2613 inperia
1191 2553 1248 2596 aaa
1279 2530 1347 2613 lug.
1369 2535 1420 2609 71,
1429 2569 1456 2614 4.

260 2647 392 2720 artificio
417 2643 486 2727 lug.
515 2649 566 2724 85,
573 2684 614 2730 ³1·
647 2643 726 2728 quid
759 2664 840 2728 opus
874 2647 1007 2709 decretis
1029 2642 1108 2726 quid
1130 2647 1248 2708 auxilio
1270 2641 1377 2707 Catuli
1399 2639 1456 2706 Or.

260 2752 341 2818 Phil.
367 2759 415 2820 19.
460 2754 646 2821 Praedicati
665 2756 774 2822 locum
794 2759 886 2821 tenet
905 2759 938 2820 et
960 2754 1113 2840 adjectivi
1126 2752 1365 2820 indeclinabilis
1384 2753 1458 2818 vice
1585 2811 1586 2820 ,

261 2864 407 2948 fungitur
428 2886 492 2932 uno
514 2866 586 2932 loco
607 2866 676 2951 lug.
700 2873 786 2954 84,2.
815 2887 899 2952 quae
921 2866 1007 2932 bello
1034 2886 1115 2950 opus
1139 2871 1240 2931 erant.
1286 2865 1458 2948 Nusquam

261 2976 349 3060 apud
379 2978 568 3044 Sallustium
597 2980 805 3065 conjunctum
835 2984 885 3045 est
914 2999 988 3045 cum
1017 2978 1202 3044 accusativo
1236 2981 1269 3042 et
1286 2975 1459 3058 infinitivo,

261 3109 422 3172 nusquam
446 3110 519 3156 cum
542 3089 699 3157 infinitivo
722 3090 774 3156 vel
794 3090 959 3176 particula
978 3101 1021 3156 at.

348 3199 535 3268 Ablativum
576 3200 784 3288 subjunctum
827 3201 935 3269 verbis
976 3206 1010 3267 et
1047 3201 1215 3288 adjectivis
1250 3205 1459 3281 plenitudinis

264 3310 544 3378 instrumentalem
575 3333 646 3378 esse
675 3334 768 3380 nemo
792 3313 935 3399 negabit.
979 3313 1062 3379 Nam
1092 3313 1119 3378 is
1144 3313 1199 3397 qui
1222 3312 1365 3397 aliquam
1386 3333 1459 3378 rem

263 3422 404 3506 complet
434 3422 611 3508 aliquare,
644 3425 707 3492 hac
729 3426 834 3492 utitur
854 3447 914 3511 pro
934 3426 1159 3492 instrumento.
1203 3424 1361 3508 Exempla
1384 3423 1458 3488 Sal-

260 3534 403 3600 lustiana
426 3541 520 3602 sunt:
542 3544 686 3617 explere:
709 3558 835 3603 camera
857 3537 1023 3604 hominum
1049 3536 1118 3603 Cat.
1141 3543 1225 3624 56‚2.
1249 3542 1362 3603 divitiis
1385 3536 1458 3601 Cat.

262 3652 361 3732 51,34.
385 3651 563 3714 maneribus
586 3650 655 3734 lug.
680 3654 760 3736 13,6.
783 3655 866 3736 2οη.

346 3765 515 3838 complere:
546 3766 641 3826 armis
663 3767 866 3827 cadaveribus
888 3781 1000 3826 craare
1022 3766 1121 3845 atque
1142 3768 1225 3827 lacta
1254 3761 1363 3825 omnia
1385 3759 1458 3825 Cat.
1585 3757 1586 3780 ³

262 3874 344 3955 51‚9.
372 3876 457 3935 lacta
478 3875 577 3955 atque
600 3878 697 3938 caede
718 3873 826 3938 omnia
850 3872 1053 3956 complentur
1074 3873 1142 3957 lug.
1166 3879 1217 3953 92,
1224 3913 1250 3958 3.
1584 3867 1586 3890 “

341 3989 540 4062 fortunatas:
561 3989 735 4069 praeterea
746 3989 812 4050 aira
828 3989 932 4050 liberis
946 3985 1026 4051 satis
1040 3986 1207 4052 fortunata
1219 3984 1281 4050 fuit
1292 3984 1361 4049 Cat.
1372 3988 1458 4068 25,2.

347 4098 482 4173 locuples
490 4124 499 4159 .·
523 4115 594 4161 sese
616 4096 753 4179 quisque
770 4103 897 4175 praeda
917 4096 1113 4182 locupletem
1135 4097 1206 4162 fore
1228 4097 1295 4180 Ing.
1319 4103 1370 4176 84,
1376 4136 1401 4181 4.

265 4275 269 4282 ¹
347 4215 494 4271 anastas:
516 4206 551 4271 in
573 4227 687 4292 agrum
710 4207 851 4274 fertilem
875 4213 907 4273 et
921 4216 1048 4288 praeda
1072 4214 1222 4275 onustum
1238 4207 1462 4294 proficiscitur

260 4316 328 4401 lug.
353 4322 429 4401 87η.

349 4433 531 4506 opulentas:
563 4452 642 4512 aare
670 4435 807 4512 virisque
829 4430 1013 4516 opulentior
1033 4432 1102 4515 lug.
1127 4436 1176 4512 16,
1183 4473 1208 4519 5.
1243 4437 1338 4498 armis
1367 4434 1463 4496 airis-

266 4561 325 4620 qae
346 4540 536 4623 opulentum
557 4542 625 4626 Ing.
649 4548 724 4628 57η.
