3180 5276
769 424 963 484 ..6-

358 611 488 670 cedere:
511 607 568 688 qui
589 606 683 690 signa
693 606 878 691 relinquere
892 613 950 674 aut
966 609 1052 692 pulsi
1068 617 1133 675 loeo
1156 610 1272 676 cedere
1292 612 1364 676 ausi
1382 617 1458 676 sunt

272 715 341 782 Cat.
364 723 420 800 9,4.

356 849 493 896 movere:
514 840 625 896 senatu
644 830 713 897 Get.
736 837 813 918 23,
856 832 1062 918 Praepositio
1083 855 1103 899 o
1125 839 1234 900 exstat
1255 833 1294 900 ir.
1315 835 1340 900 1.
1364 841 1413 900 15.
1437 857 1457 900 o

272 961 344 1007 cero
364 962 503 1008 movere.

350 1061 489 1134 pellere:
510 1059 634 1121 senibus
653 1056 723 1140 lug.
746 1062 823 1143 413.
857 1057 1032 1139 5555151.
1057 1067 1086 1126 9.
1126 1064 1215 1140 coris
1236 1059 1325 1124 146.
1364 1064 1459 1124 domi-

271 1172 397 1232 natione
418 1166 472 1231 Or.
495 1167 596 1232 Macr.
620 1174 649 1234 3.

356 1285 479 1345 levae:
505 1286 641 1347 sarcinis
659 1281 728 1365 lug.
752 1287 818 1368 75„
848 1281 888 1347 cf.
919 1282 983 1350 Cio.
1027 1283 1137 1350 levare
1169 1283 1387 1367 aegritudine,
1414 1283 1460 1348 mi

271 1391 374 1471 seriis,
397 1411 474 1457 aere
495 1392 611 1459 alieno.
655 1393 695 1458 of.
717 1393 865 1478 Draeger
885 1416 917 1479 p.
941 1401 1013 1462 592.

357 1504 400 1568 At
422 1504 546 1585 ‚,unde“
570 1505 803 1590 quaerentibus
819 1507 1010 1591 responderi
1032 1507 1141 1591 potnit
1162 1506 1461 1592 praepositionibus

271 1636 302 1695 a,
322 1614 372 1696 de,
395 1635 444 1680 ex.
488 1617 560 1697 Quo
581 1617 628 1698 fit,
657 1621 695 1683 ut
715 1617 825 1696 verba,
856 1619 975 1702 quibus
997 1619 1164 1705 praefixae
1186 1623 1262 1684 sunt
1280 1619 1343 1684 hae
1364 1639 1460 1702 prae·

270 1727 458 1811 positiones,
488 1733 522 1794 et
551 1733 724 1814 praeterea
748 1729 868 1795 similes
889 1730 1052 1814 quaedam
1074 1732 1312 1816 conjungantur
1331 1737 1365 1796 et
1386 1752 1461 1796 oum

271 1838 414 1905 ablativo
436 1840 505 1907 solo
526 1845 653 1908 etcum
673 1841 916 1925 praepositione
929 1842 1080 1926 quadam.
1114 1843 1272 1928 Exempla
1288 1843 1459 1926 congessi:

356 1952 394 2017 a
438 1953 548 2018 Verba
568 1952 741 2020 transitiva
761 1953 934 2038 conjuncta
954 1975 1028 2020 oum
1052 1953 1121 2020 solo
1144 1954 1304 2020 ablativo:

357 2069 532 2132 absolvere:
555 2086 635 2132 cura
654 2065 808 2132 familiari
830 2071 899 2132 tam
920 2087 1024 2151 parva
1045 2088 1099 2132 res
1122 2066 1176 2132 Or.
1199 2066 1300 2131 Maor.
1323 2072 1372 2133 19.

357 2182 529 2243 obstinere:
564 2199 646 2262 quos
678 2177 810 2263 ignavia
845 2183 904 2245 aut
936 2199 1040 2262 prava
1072 2178 1236 2244 calliditas
1270 2184 1365 2244 armis
1402 2179 1460 2244 ab·

271 2289 387 2356 stinuit
412 2289 471 2374 Ep.
503 2289 613 2356 Mithr.
647 2295 695 2356 12.
744 2290 953 2356 intransitive
980 2291 1124 2376 positum
1154 2294 1220 2356 est:
1255 2291 1332 2375 quia
1363 2297 1461 2372 ternis

271 2400 456 2468 abstinetur
484 2401 538 2468 Or.
569 2402 669 2469 Maor.
707 2407 758 2469 26.
807 2423 913 2488 neque
938 2409 1027 2484 scoto
1057 2402 1125 2469 ullo
1156 2422 1261 2486 neque
1292 2408 1373 2468 dioto
1402 2402 1462 2468 ab·

272 2513 392 2580 stinere
419 2514 488 2598 lug.
519 2519 595 2602 64,
649 2501 762 2582 Cicero
792 2520 826 2582 et
852 2513 962 2580 Livim
992 2515 1156 2580 interdum
1175 2519 1302 2599 ponunt
1320 2535 1461 2600 praepo-

272 2626 422 2692 sitionem
443 2648 464 2692 5
487 2625 527 2692 cf.
549 2627 701 2694 Kiihnast
721 2650 753 2712 p.
778 2632 850 2694 166.

358 2744 538 2805 deterrere:
553 2745 677 2820 proelio
696 2740 766 2824 Iug.
781 2745 858 2826 98,
903 2737 1106 2824 Praepositio
1128 2744 1166 2805 ab
1179 2743 1288 2806 exsut
1300 2739 1369 2821 lug.
1393 2743 1460 2824 50„

275 2849 303 2916 si
325 2853 363 2916 cb
386 2852 612 2935 persequendo
632 2851 736 2918 hostis
758 2851 925 2918 deterrere
936 2851 1158 2934 nequiverant.
1190 2851 1308 2930 Livius,
1331 2849 1463 2931 Caesar,

272 2961 385 3028 Cicero
404 2967 541 3029 utuntur
555 2965 797 3048 praepositione
810 2985 839 3044 5,
860 2982 1022 3046 nusquam
1043 2969 1081 3028 de
1103 2962 1142 3028 of.
1162 2962 1313 3028 Kiihnost
1334 2983 1364 3046 p.
1389 2967 1462 3028 168.

358 3079 545 3142 deturbare:
566 3081 722 3144 moenibus
744 3076 837 3142 full.
860 3083 910 3142 75.
942 3075 1039 3160 Apud
1053 3075 1241 3141 Ciceronem
1254 3074 1464 3140 inveniuntur

270 3190 529 3276 praepositiones
552 3189 592 3256 de
616 3194 650 3255 et
672 3209 721 3272 ex,
745 3189 833 3273 apud
845 3188 1020 3255 Gaesarem
1042 3187 1084 3254 de
1104 3188 1156 3254 vel
1177 3186 1349 3268 ablativus,
1372 3187 1463 3272 apud

271 3303 397 3371 Livium
419 3324 460 3369 ex
482 3302 522 3368 of.
540 3303 692 3370 Kiihnast
712 3327 744 3390 p.
769 3309 840 3371 168.

358 3425 539 3500 effundere:
574 3417 631 3483 alii
667 3417 781 3502 volgus
811 3415 950 3482 effusum
978 3421 1090 3496 oppido
1119 3415 1257 3482 caedere
1283 3415 1352 3498 lug.
1383 3419 1461 3500 69,2.

271 3530 382 3596 Livius
404 3530 563 3596 etOioero
584 3528 742 3596 adhibent
764 3529 1040 3614 praepositionem
1065 3549 1106 3593 ex
1128 3534 1162 3594 et
1183 3549 1205 3592 a
1225 3533 1258 3594 et
1281 3527 1462 3593 ablativum

271 3643 376 3710 solum
398 3643 438 3710 of.
460 3642 612 3709 Kiihnast
632 3665 664 3727 p.
690 3648 760 3709 169.

357 3761 510 3822 emittere:
536 3776 612 3821 nam
637 3755 812 3840 plerosque
840 3753 951 3840 jacula
972 3757 1129 3818 tementis
1152 3757 1210 3817 aut
1230 3773 1323 3817 monn
1343 3752 1463 3818 emissa

271 3867 485 3935 volnerabant
505 3869 573 3952 lug.
598 3874 664 3954 57„
685 3867 798 3934 Cicero
820 3865 997 3950 congungit
1019 3885 1093 3930 oum
1113 3864 1177 3929 hoo
1198 3862 1298 3930 verbo
1321 3885 1461 3949 praepo-

271 3981 420 4048 sitionem
441 4002 482 4046 ex
501 3985 535 4046 et
556 3980 606 4062 de,
628 3978 738 4045 Livius
762 3979 802 4044 de
826 3999 867 4044 ex
890 3982 923 4043 et
944 3975 1048 4042 solum
1070 3976 1258 4057 ablativum,
1284 3976 1404 4042 Caesar
1427 3981 1462 4041 et

270 4092 546 4178 praepositionem
568 4097 602 4158 et
622 4090 801 4157 ablativum
824 4089 864 4156 of.
886 4089 1038 4155 Kiihnast
1056 4111 1088 4172 p.
1116 4095 1186 4156 169.

358 4210 491 4286 ejicere:
509 4208 624 4283 finibrs
644 4205 767 4290 ejectus
784 4224 855 4270 sum
868 4202 937 4286 lug.
962 4207 1028 4288 14„
1051 4207 1172 4268 civitate
1188 4201 1293 4286 ejecta
1311 4199 1386 4265 ful.
1409 4205 1461 4266 46.

271 4316 474 4402 Praepositio
497 4336 537 4382 ex
565 4315 730 4382 invenitur
749 4315 819 4400 lug.
844 4320 926 4400 14,10
955 4314 1058 4400 pestis
1081 4335 1121 4380 ex
1140 4313 1252 4379 Aiu‘ca
1275 4313 1380 4398 ejecta
1402 4319 1459 4378 est

270 4431 321 4498 De
341 4429 442 4509 Livio,
464 4428 536 4495 aliis
557 4428 596 4495 ot
618 4428 770 4494 Kiihuast
787 4450 819 4513 p.
844 4433 915 4495 169.

360 4547 534 4623 expellere:
553 4540 667 4626 plebes
688 4545 776 4623 apris
796 4541 933 4626 expulsa
954 4539 1007 4604 Or.
1030 4538 1107 4623 Lep.
1131 4543 1181 4603 24.
1203 4541 1462 4618 reconsonando-
