3180 5276
744 420 959 480 ..76-

349 627 446 670 curce
463 614 552 686 fore:
573 605 613 669 16
635 606 752 670 ceteris
774 605 903 670 senatui
924 626 1023 670 curae
1045 604 1115 669 fore
1138 605 1207 688 Ing.
1231 611 1315 690 26‚1.

339 722 503 798 pactiones
520 725 651 797 facere:
673 716 714 782 16
733 739 815 802 pane
837 722 894 782 aut
915 716 1002 783 bello
1018 739 1092 782 oum
1107 716 1256 782 hostibus
1275 719 1346 802 Ing.
1362 723 1444 803 40‚1.

343 834 525 908 supplicium
546 849 682 894 mmcre:
704 829 745 894 de
765 830 806 894 iis
828 879 885 894 ...
908 834 942 894 et
962 835 1136 914 praeterea
1159 829 1200 895 de
1216 830 1250 894 L.
1268 829 1390 908 Cassio,
1412 831 1444 894 P.

259 942 368 1021 Furio,
398 941 433 1004 Ρ.
456 939 630 1021 Umbreno,
659 943 696 1020 Q.
719 941 824 1006 Annio
846 941 914 1006 Cat
938 947 1018 1026 5⁰24·
1064 941 1105 1006 16
1127 941 1350 1008 condemnatis
1379 941 1445 1007 Cat.

261 1058 359 1140 5l,39.
404 1052 445 1117 de
468 1051 632 1133 confessis,
654 1053 750 1118 sicuti
770 1053 812 1118 16
827 1053 1008 1119 manifestis
1029 1075 1139 1120 rerum
1160 1053 1350 1138 capitalium
1378 1054 1444 1119 Cat.

259 1170 308 1245 52,
319 1207 361 1251 35.
416 1164 456 1228 de
487 1163 628 1248 Cethego
659 1165 788 1230 Statilio
822 1165 961 1231 Gabinio
994 1166 1152 1250 Caepario
1184 1165 1253 1230 Cat.
1278 1171 1362 1251 5166.
1407 1165 1445 1231 cle

258 1275 396 1341 Lentulo
424 1280 457 1341 et
479 1275 621 1360 Cethego
649 1278 832 1360 ceterisque
862 1277 931 1342 Cat.
955 1283 1039 1363 57η.
1084 1277 1125 1342 16
1146 1277 1241 1342 hoste
1268 1278 1336 1362 Iug.
1361 1284 1443 1365 33,3.

264 1386 305 1452 de
326 1388 383 1452 illo
404 1388 474 1471 lug.
498 1394 583 1474 35,9.

346 1504 455 1564 bonum
476 1504 591 1567 tabere
614 1505 764 1566 animum:
788 1500 830 1566 de
851 1500 1004 1566 Numidia
1024 1502 1095 1585 lug.
1117 1507 1217 1588 8565.

343 1619 439 1692 16666(
456 1619 564 1692 senne:
586 1612 627 1678 de
648 1611 757 1678 reditu
779 1613 849 1698 ejus
870 1613 909 1678 fr.
932 1613 1040 1678 1112.

346 1730 442 1804 repom
460 1730 678 1804 pronrolpore:
699 1723 740 1789 16
760 1725 899 1808 pecunia
921 1774 948 1788 ..
970 1724 1133 1808 exigunda
1154 1725 1194 1791 fr.
1215 1726 1269 1790 IV.
1292 1731 1342 1792 35.

345 1834 478 1900 Nullum
498 1835 605 1900 locum
628 1836 716 1920 apud
732 1836 922 1902 Sallustium
942 1837 1058 1916 inveni,
1079 1837 1114 1902 in
1136 1857 1201 1920 quo
1225 1843 1264 1902 (16
1286 1837 1446 1922 significat

258 1956 384 2026 tempos.
418 1947 499 2012 Cum
520 1952 716 2013 substantivis
736 1953 769 2014 et
792 1953 955 2028 adjectivis
977 1949 1186 2033 conjunctum
1198 1954 1265 2014 est:
1288 1949 1445 2036 Cat35‚2.

263 2057 519 2126 satisfactionem
541 2081 582 2126 ex
608 2059 698 2126 nulla
720 2065 908 2126 (6666166116
930 2067 969 2126 dc
991 2067 1084 2140 culpo
1104 2081 1286 2144 proponere
1308 2060 1445 2128 decrevi.

256 2171 325 2254 Ing.
363 2178 412 2252 55,
421 2213 445 2258 2.
500 2178 539 2238 de
571 2175 693 2238 Metello
727 2179 817 2252 famu
853 2173 1026 2256 praeclara
1064 2193 1136 2238 esse
1178 2173 1218 2237 of.
1254 2175 1323 2258 lug.
1361 2179 1411 2254 32,
1421 2215 1445 2260 5.

255 2282 331 2348 talis
420 2283 508 2348 fama
537 2283 577 2348 16
597 2283 708 2350 Cassio
738 2289 819 2352 erat.
863 2282 904 2349 16
924 2283 1086 2350 Massivae
1112 2306 1187 2350 nece
1214 2291 1370 2364 16116166(
1396 2285 1446 2351 fu-

257 2399 351 2478 gerat
379 2394 447 2480 Ing.
472 2402 555 2482 5¹24·
600 2401 633 2461 et
654 2396 777 2461 Romae
802 2406 928 2462 senatus
951 2397 1447 2476 (1666661661166666611661166

256 2506 389 2571 midiam
411 2507 542 2574 Metello
576 2508 767 2574 decreverat
786 2508 854 2592 Ing.
878 2513 970 2594 ⁶2no·
1000 2509 1114 2574 civitas
1144 2513 1269 2589 trepida
1291 2514 1390 2574 antea
1412 2514 1447 2574 et

258 2623 389 2685 sollicito
412 2625 543 2685 debelti
564 2630 672 2685 eventu
694 2620 783 2686 laeta
805 2640 903 2703 agere
922 2620 991 2704 lug.
1013 2627 1063 2701 55,
1073 2663 1098 2706 2.

347 2731 518 2816 Adjeotiva
542 2737 778 2817 componuntur
811 2754 884 2796 oum
906 2732 1146 2817 praepositione
1172 2739 1211 2798 (1(
1240 2731 1448 2798 611611666-

259 2843 336 2908 dum
357 2842 489 2908 modum
511 2848 544 2910 et
564 2844 734 2910 rationem.
778 2843 932 2910 Adverbii
953 2844 1025 2910 loco
1047 2844 1185 2928 legimus
1206 2845 1274 2928 lug.
1293 2851 1377 2931 62‚9.
1407 2853 1448 2911 (16

263 2961 385 3036 1616666
406 2954 528 3022 bellum
552 2957 659 3022 sumit.
681 2957 749 3041 Ing.
773 2962 855 3042 38‚4.
901 2964 939 3022 (16
960 2961 1123 3036 improviso
1152 2957 1359 3022 multitudine
1381 2957 1449 3022 Nu-

257 3067 418 3132 midarum
441 3068 516 3134 Auli
540 3075 650 3134 castra
672 3068 882 3134 circumvenit
904 3069 944 3134 cf.
967 3076 1054 3155 99‚1.
1080 3075 1183 3156 1⁰7as·

344 3181 483 3246 Causam
508 3180 672 3264 significat
692 3187 749 3246 de:
770 3181 838 3248 Cat.
855 3187 939 3267 37,4.
962 3188 1001 3247 (16
1022 3187 1123 3246 molto
1144 3184 1256 3246 coasts.
1279 3181 1449 3266 (161411.

261 3292 341 3375 quid
363 3297 421 3358 aut
442 3314 504 3372 quo
524 3299 563 3359 de
584 3314 689 3358 conso.
713 3291 752 3357 fr.
774 3295 811 3360 V.
836 3299 885 3358 13.
909 3298 1017 3374 quitus
1040 3299 1079 3358 (16
1102 3298 1214 3359 causis.

343 3405 413 3470 Iam
440 3425 540 3487 supra
567 3403 634 3468 dixi
665 3404 828 3470 interdum
863 3407 994 3471 nomina
1023 3426 1133 3470 rerum
1161 3426 1201 3470 ex
1230 3405 1368 3490 alicujus
1396 3406 1451 3471 rei

257 3518 383 3582 ratione
414 3516 488 3600 capi
523 3521 556 3581 et
585 3538 655 3582 rem
683 3517 789 3602 ipsam
820 3517 963 3583 ablativo
1001 3517 1138 3603 exprimi
1165 3517 1223 3601 661
1250 3516 1371 3601 pendet
1404 3539 1451 3582 ex

256 3627 553 3714 praepositionibus
581 3633 619 3694 ot
643 3635 676 3694 et
700 3651 741 3695 ex
769 3629 808 3695 61.
828 3630 896 3714 Ing.
921 3636 1039 3717 78‚1.3.
1073 3629 1111 3695 fr.
1133 3630 1173 3694 II.
1196 3635 1224 3694 2.
1253 3629 1292 3694 fr.
1315 3629 1368 3693 IV.
1393 3635 1451 3696 24.

257 3741 460 3827 Praepositio
495 3748 533 3808 de
564 3745 672 3806 exstat
699 3741 738 3807 fr.
765 3743 905 3808 16619.
949 3747 1055 3808 vestes
1085 3748 1124 3807 (16
1146 3745 1281 3821 pellitus
1310 3762 1451 3807 renones

255 3859 422 3920 vocantur.

343 3965 409 4032 Ubi
431 3965 532 4032 verba
553 3971 762 4050 usurpantur,
790 3985 876 4049 quae
905 3966 1084 4051 composita
1114 3972 1189 4032 sunt
1210 3987 1284 4030 cum
1305 3985 1452 4049 praepo·

257 4078 428 4144 sitionibns
452 4085 500 4156 (16,
524 4100 573 4157 ex,
598 4082 647 4157 ot,
667 4078 755 4162 apud
774 4077 963 4144 Sallustium
985 4099 1146 4163 nusquam
1167 4077 1327 4161 repetitur
1348 4098 1454 4160 prae-

255 4191 374 4275 positio
398 4198 445 4255 (16.
479 4191 528 4254 De
550 4190 614 4256 hae
631 4191 760 4256 1166611
780 4191 916 4270 ratione,
940 4211 1024 4274 6666
1045 4190 1156 4255 multis
1179 4190 1259 4255 loeis
1280 4190 1454 4257 invenitur

256 4303 344 4386 apud
374 4301 561 4367 Ciceronem
592 4308 626 4368 61
652 4302 779 4368 Livium
809 4302 920 4368 confer
958 4301 1122 4386 exempla,
1165 4323 1250 4386 quae
1281 4304 1456 4384 congessit

255 4416 402 4498 Draeger
423 4437 453 4498 p.
478 4420 539 4480 626
562 4413 594 4480 ff.
