3180 5276
623 467 837 529 ...79-

135 673 262 737 exque
291 653 341 718 illi
369 651 473 736 gloria
503 673 646 736 opesque
674 653 825 718 inventae
856 651 924 736 lug.
950 657 1034 739 70sp
1078 653 1159 719 talia
1189 653 1323 720 consilia

133 788 193 852 per
216 766 318 832 otium
341 771 374 830 et
397 786 437 830 ex
459 765 703 850 opportunitate
735 767 808 850 oapi
833 770 914 851 76‚1.
964 784 1034 831 sese
1056 766 1261 832 consulatum
1283 787 1323 832 ex

134 879 228 944 vietis
250 878 314 943 illis
335 877 440 962 spohe
462 878 586 961 cepisse
608 883 692 963 84η.
738 876 857 963 quibus
878 877 928 944 uti
958 878 1037 944 mihi
1060 899 1101 944 ex
1123 880 1242 944 virtute
1265 899 1323 944 no-

133 989 245 1056 bilitas
267 991 499 1076 eoepit85‚17.
543 989 631 1073 quod
664 1010 704 1055 ex
727 990 834 1056 aliena
861 990 981 1056 virtute
1003 990 1069 1056 sibi
1090 996 1260 1074 arrogant,
1288 990 1323 1056 id

133 1103 214 1168 mihi
236 1123 276 1167 ex
298 1122 373 1166 mee
392 1121 457 1168 non
479 1100 661 1167 concedunt
680 1105 780 1188 85‚25.
817 1102 920 1167 omnis
943 1102 1086 1168 honores
1107 1123 1171 1167 non
1196 1123 1236 1168 ex
1256 1123 1323 1168 me-

133 1215 198 1280 rito
221 1214 278 1280 sed
302 1214 396 1296 quasi
421 1211 548 1278 debitos
641 1214 761 1299 repetit
782 1219 833 1294 85,
841 1253 883 1300 37.
926 1233 1033 1298 neque
1065 1235 1260 1297 quemquam
1282 1234 1324 1279 ex

134 1320 472 1392 munimentorum
485 1325 784 1410 autimperatorum
800 1324 955 1410 superbia
971 1333 1077 1391 metus
1089 1327 1214 1411 ceperit
1224 1332 1275 1404 85,
1280 1365 1323 1411 st·

134 1438 272 1521 gloriam
294 1458 334 1502 ex
356 1437 452 1523 eulpa
480 1439 603 1504 invenit
630 1438 699 1521 Iug.
721 1445 772 1516 94,
782 1477 806 1522 7.
851 1439 1004 1520 quoniam
1036 1459 1075 1503 ex
1100 1439 1224 1521 rapinis
1247 1457 1322 1502 oon-

134 1552 276 1615 snlatum
371 1549 510 1635 adeptus
530 1556 580 1615 est
601 1550 654 1615 Or.
677 1548 757 1614 Phil.
780 1556 808 1613 4.
857 1569 897 1614 ex
919 1569 985 1632 que
1008 1570 1119 1616 omnes
1141 1549 1322 1615 discordiae

135 1681 292 1727 accensae
314 1661 368 1727 Or.
389 1662 470 1727 Phil.
490 1669 537 1728 14.
583 1667 693 1728 uetera
715 1682 755 1726 ex
777 1660 909 1725 lieentia
931 1667 989 1727 aut
1010 1661 1085 1727 odio
1108 1666 1166 1728 aut
1185 1662 1324 1727 avaritia

134 1776 166 1839 in
189 1779 318 1858 tempus
349 1795 460 1840 arsere
487 1774 540 1839 Or.
564 1774 664 1840 Meet.
691 1779 738 1838 12.
782 1773 1001 1856 frumentique
1030 1795 1070 1838 ex
1101 1773 1211 1858 inopia
1232 1774 1324 1856 gravi

135 1886 236 1950 satias
258 1885 346 1952 faeta
367 1886 406 1950 fr.
430 1886 469 1951 ΙΙ.
492 1891 542 1952 29.
585 1892 692 1951 terror
718 1883 868 1951 hostibus
897 1905 937 1950 ex
964 1885 1085 1950 fiducia
1114 1886 1164 1950 sui
1191 1885 1324 1950 incessit

134 1995 174 2062 fr.
193 1998 232 2062 11.
256 2003 306 2065 60.
351 2019 390 2062 ex
411 1998 585 2062 insolentia
607 1997 721 2062 avidus
743 1997 827 2062 male
848 1997 993 2062 feriundi
1014 1996 1053 2061 ir.
1074 1997 1138 2062 Ino
1162 2002 1211 2062 77.

221 2109 411 2175 Praeterea:
436 2117 472 2174 nt
486 2109 631 2195 objectat
642 2110 721 2174 mihi
736 2109 961 2194 possessiones
983 2129 1023 2174 ex
1043 2106 1138 2174 bonis
1159 2107 1323 2193 proscrip-

134 2227 243 2286 torum
265 2220 319 2286 Or.
342 2222 418 2305 Lep.
444 2227 493 2287 18.
532 2243 637 2304 neque
657 2221 727 2306 pati
749 2221 917 2288 consilium
941 2225 991 2285 est
1014 2219 1115 2286 ullam
1136 2239 1176 2284 ex
1199 2220 1323 2286 eivihus

133 2334 292 2417 praedam
306 2355 376 2398 esse
399 2332 452 2399 Or.
462 2333 538 2417 Lep.
549 2339 596 2398 18.
627 2351 729 2416 regna
743 2333 926 2417 provincias
941 2353 1141 2417 occupavere
1159 2337 1192 2397 et
1214 2353 1323 2397 aroem

133 2444 258 2510 hahent
278 2467 319 2510 ex
341 2445 452 2528 spoliis
473 2446 589 2511 vestris
606 2446 659 2510 Or.
683 2444 783 2510 Mser.
804 2451 885 2510 6.-
913 2451 1044 2510 senator
1066 2465 1106 2508 ex
1130 2445 1321 2529 proscriptis

133 2556 174 2621 fr.
197 2557 301 2623 111.4.
331 2557 492 2641 signifieat
514 2577 684 2622 numerum
706 2576 830 2639 exque
861 2555 938 2640 quid
961 2562 1125 2639 sumptum
1151 2561 1201 2622 est
1222 2556 1323 2621 veluti

133 2669 205 2734 Cat.
228 2675 312 2754 28,4.
346 2669 464 2753 quibus
485 2670 586 2736 libido
610 2675 644 2736 et
663 2669 794 2734 luxuria
817 2691 857 2734 ex
879 2669 1004 2753 magnis
1025 2668 1150 2752 rapinis
1169 2668 1251 2733 nihil
1271 2689 1323 2734 re·

131 2779 218 2864 liqui
237 2780 393 2847 fecerant.

222 2892 436 2958 Mutationem
457 2893 587 2979 pristini
612 2898 718 2959 status
743 2897 777 2960 et
796 2893 970 2958 transitum
986 2913 1026 2958 ex
1043 2891 1153 2976 aliquo
1174 2893 1209 2957 in
1223 2893 1322 2958 alium

130 3025 332 3089 quemquam
356 3006 480 3071 indicat
501 3005 701 3090 praepositio
725 3025 766 3070 ex
786 3006 959 3090 conjuncta
982 3025 1056 3070 oum
1076 3003 1184 3070 verbis
1200 3012 1322 3086 facere,

128 3126 257 3182 uertere
279 3123 358 3185 ultis.

223 3250 263 3294 ex
284 3229 504 3314 pulcherrima
524 3235 624 3314 etque
647 3229 770 3314 optima
785 3229 927 3314 pessime
949 3233 1048 3312 atque
1070 3228 1323 3312 flagitiosissima

124 3340 225 3406 faeta
247 3341 290 3406 sit
313 3341 381 3407 Oet.
404 3349 463 3427 5‚9.
507 3342 679 3426 imperium
711 3362 751 3406 ex
776 3342 957 3427 justissimo
983 3347 1083 3424 atque
1106 3342 1227 3425 optimo
1249 3361 1321 3405 eru·

124 3453 208 3518 dele
229 3453 469 3519 intolerandum
497 3454 729 3541 faetum10‚5.
775 3475 816 3519 ex
841 3453 951 3539 parvis
979 3452 1095 3536 opibus
1116 3457 1243 3518 tantum
1263 3453 1324 3518 im·

120 3566 260 3651 perium
282 3566 389 3632 feeere
414 3573 513 3652 [llata-
556 3587 625 3632 rem
654 3567 819 3652 publicam
849 3587 890 3631 ex
909 3586 1012 3651 parva
1033 3585 1185 3650 magnam
1207 3564 1322 3631 fecisse

122 3683 232 3763 52ης.
276 3699 382 3762 neque
412 3700 453 3744 ex
486 3679 603 3763 ignavo
633 3685 801 3745 strenuum
838 3696 942 3761 neque
979 3676 1097 3743 fortem
1129 3697 1169 3743 ex
1203 3678 1318 3744 timido

118 3789 313 3856 exereitum
397 3790 469 3856 fieri
492 3797 574 3877 58η.
602 3811 642 3856 ex
664 3791 777 3856 amieis
797 3789 1009 3855 amicissimos
1031 3789 1138 3856 fecisti
1159 3791 1321 3876 lug.10‚2.

115 3923 168 3968 ex
203 3903 397 3967 necessariis
425 3902 563 3969 adversa
593 3903 683 3968 faeta
715 3907 791 3968 sunt
815 3909 913 3988 lhffi.
965 3899 1058 3967 effice
1089 3922 1106 3966 e
1136 3907 1320 3986 contempto

113 4014 344 4082 metuendum
364 4013 418 4079 Or.
441 4013 522 4080 Phil.
544 4021 572 4080 3.
603 4036 644 4081 ex
669 4035 748 4100 rege
769 4015 984 4080 miserrimum
1007 4033 1173 4079 servorum
1191 4013 1320 4079 effioere

112 4129 189 4213 Ep.
216 4126 325 4192 Mithr.
349 4132 378 4193 8.
423 4148 521 4209 quam
544 4127 652 4211 gravis
683 4147 779 4192 easus
804 4128 839 4192 in
861 4125 1027 4192 servitium
1052 4146 1092 4190 ex
1113 4146 1213 4209 regno
1236 4127 1322 4192 foret

109 4243 201 4324 lug.
227 4243 310 4324 62‚9.
346 4259 419 4304 eum
440 4239 613 4324 plerosque
636 4240 797 4305 secundae
818 4260 870 4304 res
890 4240 923 4303 in
943 4237 1184 4304 miserationem
1207 4259 1247 4303 ex
1269 4239 1321 4302 ira

107 4355 266 4420 vertunt
289 4350 342 4414 Or.
364 4351 441 4435 Lep.
464 4359 492 4417 5.

221 4463 333 4528 Status
355 4483 395 4528 ex
417 4485 482 4547 quo
503 4465 577 4548 quis
598 4464 775 4530 recreando
798 4463 842 4528 ad
871 4463 969 4528 alium
992 4463 1217 4547 progreditur,
1239 4463 1321 4528 indi·
