<?xml version="1.0" encoding="UTF-8"?>
<!DOCTYPE html PUBLIC "-//W3C//DTD XHTML 1.0 Transitional//EN"
    "http://www.w3.org/TR/xhtml1/DTD/xhtml1-transitional.dtd">
<html xmlns="http://www.w3.org/1999/xhtml" xml:lang="en" lang="en">
 <head>
  <title>
</title>
<meta http-equiv="Content-Type" content="text/html;charset=utf-8" />
  <meta name='ocr-system' content='tesseract 3.04.00' />
  <meta name='ocr-capabilities' content='ocr_page ocr_carea ocr_par ocr_line ocrx_word'/>
</head>
<body>
  <div class='ocr_page' id='page_1' title='image "./deablativosallu00chrigoog_0009.png"; bbox 0 0 3180 5276; ppageno 0'>
   <div class='ocr_carea' id='block_1_1' title="bbox 780 465 973 524">
    <p class='ocr_par' dir='ltr' id='par_1_1' title="bbox 780 465 973 524">
     <span class='ocr_line' id='line_1_1' title="bbox 780 465 973 524; baseline 0.005 -19"><span class='ocrx_word' id='word_1_1' title='bbox 780 465 973 524; x_wconf 77' lang='grc'>..4.-</span> 
     </span>
    </p>
   </div>
   <div class='ocr_carea' id='block_1_2' title="bbox 283 646 1468 843">
    <p class='ocr_par' dir='ltr' id='par_1_2' title="bbox 283 646 1468 843">
     <span class='ocr_line' id='line_1_2' title="bbox 283 646 1467 729; baseline 0.002 -18"><span class='ocrx_word' id='word_1_2' title='bbox 283 647 332 711; x_wconf 89' lang='lat' dir='ltr'>ed.</span> <span class='ocrx_word' id='word_1_3' title='bbox 360 646 441 712; x_wconf 87' lang='lat' dir='ltr'>Keil.</span> <span class='ocrx_word' id='word_1_4' title='bbox 490 647 560 712; x_wconf 89' lang='lat' dir='ltr'>Iam</span> <span class='ocrx_word' id='word_1_5' title='bbox 590 646 710 712; x_wconf 87' lang='lat' dir='ltr'>Caesar</span> <span class='ocrx_word' id='word_1_6' title='bbox 738 646 829 711; x_wconf 93' lang='lat' dir='ltr'>illum</span> <span class='ocrx_word' id='word_1_7' title='bbox 859 669 970 712; x_wconf 89' lang='lat' dir='ltr'>casum</span> <span class='ocrx_word' id='word_1_8' title='bbox 993 647 1171 712; x_wconf 88' lang='lat' dir='ltr'>nominavit</span> <span class='ocrx_word' id='word_1_9' title='bbox 1191 647 1397 729; x_wconf 73' lang='lat' dir='ltr'>„ablativum</span> <span class='ocrx_word' id='word_1_10' title='bbox 1430 648 1467 713; x_wconf 87' lang='lat' dir='ltr'>cf.</span> 
     </span>
     <span class='ocr_line' id='line_1_3' title="bbox 283 759 1468 843; baseline 0.002 -19"><span class='ocrx_word' id='word_1_11' title='bbox 283 759 449 824; x_wconf 82' lang='lat' dir='ltr'>Charisius</span> <span class='ocrx_word' id='word_1_12' title='bbox 471 781 503 843; x_wconf 90' lang='lat' dir='ltr'>p.</span> <span class='ocrx_word' id='word_1_13' title='bbox 531 764 601 824; x_wconf 88' lang='lat'><strong>133.</strong></span> <span class='ocrx_word' id='word_1_14' title='bbox 624 759 706 823; x_wconf 85' lang='lat' dir='ltr'><strong>Keil.</strong></span> <span class='ocrx_word' id='word_1_15' title='bbox 750 759 793 824; x_wconf 87' lang='lat' dir='ltr'>Et</span> <span class='ocrx_word' id='word_1_16' title='bbox 813 759 917 824; x_wconf 90' lang='lat' dir='ltr'>multa</span> <span class='ocrx_word' id='word_1_17' title='bbox 942 764 1026 840; x_wconf 92' lang='lat' dir='ltr'>suut,</span> <span class='ocrx_word' id='word_1_18' title='bbox 1049 779 1133 842; x_wconf 88' lang='lat' dir='ltr'>quae</span> <span class='ocrx_word' id='word_1_19' title='bbox 1145 759 1283 824; x_wconf 88' lang='lat' dir='ltr'>Romani</span> <span class='ocrx_word' id='word_1_20' title='bbox 1304 782 1363 843; x_wconf 90' lang='lat' dir='ltr'>per</span> <span class='ocrx_word' id='word_1_21' title='bbox 1380 760 1468 826; x_wconf 92' lang='lat' dir='ltr'>abla-</span> 
     </span>
    </p>
   </div>
   <div class='ocr_carea' id='block_1_3' title="bbox 277 869 1482 4655">
    <p class='ocr_par' dir='ltr' id='par_1_3' title="bbox 281 869 1472 1982">
     <span class='ocr_line' id='line_1_4' title="bbox 282 869 1469 955; baseline 0 -19"><span class='ocrx_word' id='word_1_22' title='bbox 282 872 385 936; x_wconf 90' lang='lat' dir='ltr'>tivum</span> <span class='ocrx_word' id='word_1_23' title='bbox 408 893 519 936; x_wconf 89' lang='lat' dir='ltr'>casum</span> <span class='ocrx_word' id='word_1_24' title='bbox 550 871 655 936; x_wconf 77' lang='lat' dir='ltr'>solent</span> <span class='ocrx_word' id='word_1_25' title='bbox 685 869 811 936; x_wconf 87' lang='lat' dir='ltr'>efferre.</span> <span class='ocrx_word' id='word_1_26' title='bbox 855 872 1012 937; x_wconf 79' lang='lat' dir='ltr'>Adhiberi</span> <span class='ocrx_word' id='word_1_27' title='bbox 1035 892 1055 935; x_wconf 91' lang='lat' dir='ltr'>a</span> <span class='ocrx_word' id='word_1_28' title='bbox 1078 871 1274 955; x_wconf 88' lang='lat' dir='ltr'>sciptoribus</span> <span class='ocrx_word' id='word_1_29' title='bbox 1295 871 1406 936; x_wconf 89' lang='lat' dir='ltr'>latinis</span> <span class='ocrx_word' id='word_1_30' title='bbox 1428 873 1469 938; x_wconf 93' lang='lat' dir='ltr'>ad</span> 
     </span>
     <span class='ocr_line' id='line_1_5' title="bbox 281 982 1468 1068; baseline 0.002 -20"><span class='ocrx_word' id='word_1_31' title='bbox 281 982 363 1065; x_wconf 91' lang='lat' dir='ltr'>loca,</span> <span class='ocrx_word' id='word_1_32' title='bbox 400 989 558 1068; x_wconf 88' lang='lat' dir='ltr'>tempora,</span> <span class='ocrx_word' id='word_1_33' title='bbox 591 985 850 1064; x_wconf 80' lang='lat' dir='ltr'><strong>instrumentum,</strong></span> <span class='ocrx_word' id='word_1_34' title='bbox 880 984 996 1068; x_wconf 92' lang='lat' dir='ltr'>pretia,</span> <span class='ocrx_word' id='word_1_35' title='bbox 1030 983 1168 1067; x_wconf 88' lang='lat' dir='ltr'>objecta,</span> <span class='ocrx_word' id='word_1_36' title='bbox 1199 984 1360 1050; x_wconf 90' lang='lat' dir='ltr'>attributa</span> <span class='ocrx_word' id='word_1_37' title='bbox 1388 985 1468 1050; x_wconf 91' lang='lat' dir='ltr'>indi·</span> 
     </span>
     <span class='ocr_line' id='line_1_6' title="bbox 283 1093 1468 1179; baseline 0.001 -19"><span class='ocrx_word' id='word_1_38' title='bbox 283 1095 397 1176; x_wconf 89' lang='lat' dir='ltr'>canda,</span> <span class='ocrx_word' id='word_1_39' title='bbox 429 1096 471 1160; x_wconf 91' lang='lat' dir='ltr'>ad</span> <span class='ocrx_word' id='word_1_40' title='bbox 502 1096 761 1179; x_wconf 88' lang='lat' dir='ltr'>comparationes</span> <span class='ocrx_word' id='word_1_41' title='bbox 783 1093 1021 1179; x_wconf 82' lang='lat' dir='ltr'>significandas,</span> <span class='ocrx_word' id='word_1_42' title='bbox 1056 1095 1098 1160; x_wconf 90' lang='lat' dir='ltr'>ad</span> <span class='ocrx_word' id='word_1_43' title='bbox 1120 1095 1252 1160; x_wconf 90' lang='lat' dir='ltr'>modum</span> <span class='ocrx_word' id='word_1_44' title='bbox 1275 1097 1393 1179; x_wconf 82' lang='lat' dir='ltr'>agendi</span> <span class='ocrx_word' id='word_1_45' title='bbox 1415 1097 1468 1162; x_wconf 87' lang='lat' dir='ltr'>de-</span> 
     </span>
     <span class='ocr_line' id='line_1_7' title="bbox 284 1207 1469 1294; baseline 0 -22"><span class='ocrx_word' id='word_1_46' title='bbox 284 1207 502 1288; x_wconf 89' lang='lat' dir='ltr'>scribendum,</span> <span class='ocrx_word' id='word_1_47' title='bbox 525 1208 673 1273; x_wconf 92' lang='lat' dir='ltr'>omuibus</span> <span class='ocrx_word' id='word_1_48' title='bbox 687 1213 799 1272; x_wconf 91' lang='lat' dir='ltr'>notum</span> <span class='ocrx_word' id='word_1_49' title='bbox 811 1213 868 1273; x_wconf 90' lang='lat' dir='ltr'>est.</span> <span class='ocrx_word' id='word_1_50' title='bbox 913 1207 977 1272; x_wconf 86' lang='lat' dir='ltr'>Sed</span> <span class='ocrx_word' id='word_1_51' title='bbox 989 1208 1043 1272; x_wconf 91' lang='lat' dir='ltr'>hic</span> <span class='ocrx_word' id='word_1_52' title='bbox 1064 1208 1174 1272; x_wconf 90' lang='lat' dir='ltr'>varius</span> <span class='ocrx_word' id='word_1_53' title='bbox 1187 1213 1285 1292; x_wconf 91' lang='lat' dir='ltr'>atque</span> <span class='ocrx_word' id='word_1_54' title='bbox 1300 1209 1469 1294; x_wconf 76' lang='lat' dir='ltr'>multiplex</span> 
     </span>
     <span class='ocr_line' id='line_1_8' title="bbox 282 1319 1469 1404; baseline 0 -20"><span class='ocrx_word' id='word_1_55' title='bbox 282 1341 360 1384; x_wconf 89' lang='lat' dir='ltr'>usus</span> <span class='ocrx_word' id='word_1_56' title='bbox 390 1321 536 1385; x_wconf 89' lang='lat' dir='ltr'>manavit</span> <span class='ocrx_word' id='word_1_57' title='bbox 557 1320 725 1385; x_wconf 88' lang='lat' dir='ltr'>extribus</span> <span class='ocrx_word' id='word_1_58' title='bbox 747 1321 875 1404; x_wconf 88' lang='lat' dir='ltr'>priscae</span> <span class='ocrx_word' id='word_1_59' title='bbox 896 1320 1068 1385; x_wconf 77' lang='lat' dir='ltr'>latinitatis</span> <span class='ocrx_word' id='word_1_60' title='bbox 1093 1319 1243 1385; x_wconf 88' lang='lat' dir='ltr'>casibus:</span> <span class='ocrx_word' id='word_1_61' title='bbox 1265 1341 1304 1385; x_wconf 89' lang='lat' dir='ltr'>ex</span> <span class='ocrx_word' id='word_1_62' title='bbox 1326 1321 1469 1386; x_wconf 90' lang='lat' dir='ltr'>ablativo</span> 
     </span>
     <span class='ocr_line' id='line_1_9' title="bbox 281 1431 1470 1516; baseline 0 -20"><span class='ocrx_word' id='word_1_63' title='bbox 281 1453 358 1497; x_wconf 88' lang='lat' dir='ltr'>vero</span> <span class='ocrx_word' id='word_1_64' title='bbox 381 1431 432 1496; x_wconf 89' lang='lat' dir='ltr'>vel</span> <span class='ocrx_word' id='word_1_65' title='bbox 454 1433 588 1516; x_wconf 89' lang='lat' dir='ltr'>proprio</span> <span class='ocrx_word' id='word_1_66' title='bbox 612 1432 707 1511; x_wconf 92' lang='lat' dir='ltr'>„dem</span> <span class='ocrx_word' id='word_1_67' title='bbox 738 1432 954 1516; x_wconf 84' lang='lat' dir='ltr'>cigentlichen</span> <span class='ocrx_word' id='word_1_68' title='bbox 974 1431 1122 1512; x_wconf 82' lang='lat' dir='ltr'>Ablativ,</span> <span class='ocrx_word' id='word_1_69' title='bbox 1154 1452 1194 1496; x_wconf 87' lang='lat' dir='ltr'>ex</span> <span class='ocrx_word' id='word_1_70' title='bbox 1211 1431 1351 1496; x_wconf 88' lang='lat' dir='ltr'>locativo</span> <span class='ocrx_word' id='word_1_71' title='bbox 1375 1438 1408 1496; x_wconf 91' lang='lat' dir='ltr'>et</span> <span class='ocrx_word' id='word_1_72' title='bbox 1431 1454 1470 1497; x_wconf 83' lang='lat' dir='ltr'>ex</span> 
     </span>
     <span class='ocr_line' id='line_1_10' title="bbox 283 1541 1470 1628; baseline 0 -20"><span class='ocrx_word' id='word_1_73' title='bbox 283 1565 362 1610; x_wconf 91' lang='lat' dir='ltr'>casu</span> <span class='ocrx_word' id='word_1_74' title='bbox 384 1544 635 1610; x_wconf 88' lang='lat' dir='ltr'>instrumentali.</span> <span class='ocrx_word' id='word_1_75' title='bbox 680 1543 811 1610; x_wconf 81' lang='lat' dir='ltr'>Confusi</span> <span class='ocrx_word' id='word_1_76' title='bbox 833 1549 909 1610; x_wconf 91' lang='lat' dir='ltr'>sunt</span> <span class='ocrx_word' id='word_1_77' title='bbox 919 1544 955 1608; x_wconf 95' lang='lat' dir='ltr'>hi</span> <span class='ocrx_word' id='word_1_78' title='bbox 968 1549 1036 1610; x_wconf 90' lang='lat' dir='ltr'>tres</span> <span class='ocrx_word' id='word_1_79' title='bbox 1050 1565 1152 1609; x_wconf 61' lang='lat' dir='ltr'>&#39;casus</span> <span class='ocrx_word' id='word_1_80' title='bbox 1168 1549 1283 1628; x_wconf 90' lang='lat' dir='ltr'>postea</span> <span class='ocrx_word' id='word_1_81' title='bbox 1304 1541 1470 1625; x_wconf 84' lang='lat' dir='ltr'>inunum,</span> 
     </span>
     <span class='ocr_line' id='line_1_11' title="bbox 281 1656 1470 1740; baseline 0.001 -20"><span class='ocrx_word' id='word_1_82' title='bbox 281 1657 315 1720; x_wconf 92' lang='lat' dir='ltr'>in</span> <span class='ocrx_word' id='word_1_83' title='bbox 337 1656 525 1735; x_wconf 84' lang='lat' dir='ltr'>ablativum,</span> <span class='ocrx_word' id='word_1_84' title='bbox 548 1677 645 1740; x_wconf 91' lang='lat' dir='ltr'>quem</span> <span class='ocrx_word' id='word_1_85' title='bbox 666 1677 725 1721; x_wconf 92' lang='lat' dir='ltr'>nos</span> <span class='ocrx_word' id='word_1_86' title='bbox 745 1656 891 1738; x_wconf 82' lang='lat' dir='ltr'>dicimus,</span> <span class='ocrx_word' id='word_1_87' title='bbox 913 1677 978 1721; x_wconf 89' lang='lat' dir='ltr'>non</span> <span class='ocrx_word' id='word_1_88' title='bbox 991 1657 1068 1740; x_wconf 90' lang='lat' dir='ltr'>quia</span> <span class='ocrx_word' id='word_1_89' title='bbox 1080 1657 1325 1722; x_wconf 89' lang='lat' dir='ltr'>terminationes</span> <span class='ocrx_word' id='word_1_90' title='bbox 1349 1658 1470 1722; x_wconf 89' lang='lat' dir='ltr'>similes</span> 
     </span>
     <span class='ocr_line' id='line_1_12' title="bbox 282 1768 1472 1853; baseline 0.002 -21"><span class='ocrx_word' id='word_1_91' title='bbox 282 1774 385 1848; x_wconf 87' lang='lat' dir='ltr'>erant,</span> <span class='ocrx_word' id='word_1_92' title='bbox 416 1769 474 1834; x_wconf 92' lang='lat' dir='ltr'>sed</span> <span class='ocrx_word' id='word_1_93' title='bbox 505 1769 593 1853; x_wconf 91' lang='lat' dir='ltr'>quod</span> <span class='ocrx_word' id='word_1_94' title='bbox 618 1768 741 1850; x_wconf 89' lang='lat' dir='ltr'>„unde“</span> <span class='ocrx_word' id='word_1_95' title='bbox 763 1768 996 1852; x_wconf 84' lang='lat' dir='ltr'>quaerentibus</span> <span class='ocrx_word' id='word_1_96' title='bbox 1019 1768 1166 1834; x_wconf 90' lang='lat' dir='ltr'>omnibus</span> <span class='ocrx_word' id='word_1_97' title='bbox 1187 1769 1239 1834; x_wconf 90' lang='lat' dir='ltr'>his</span> <span class='ocrx_word' id='word_1_98' title='bbox 1260 1769 1366 1834; x_wconf 88' lang='lat' dir='ltr'>tribus</span> <span class='ocrx_word' id='word_1_99' title='bbox 1388 1769 1472 1834; x_wconf 90' lang='lat' dir='ltr'>casi-</span> 
     </span>
     <span class='ocr_line' id='line_1_13' title="bbox 281 1879 1109 1982; baseline 0.001 -38"><span class='ocrx_word' id='word_1_100' title='bbox 281 1879 344 1945; x_wconf 91' lang='lat' dir='ltr'>bus</span> <span class='ocrx_word' id='word_1_101' title='bbox 365 1901 556 1965; x_wconf 89' lang='lat' dir='ltr'>responsum</span> <span class='ocrx_word' id='word_1_102' title='bbox 579 1885 637 1946; x_wconf 88' lang='lat' dir='ltr'>est.</span> <span class='ocrx_word' id='word_1_103' title='bbox 682 1881 810 1946; x_wconf 83' lang='lat' dir='ltr'>Accede</span> <span class='ocrx_word' id='word_1_104' title='bbox 833 1881 876 1946; x_wconf 88' lang='lat' dir='ltr'>ad</span> <span class='ocrx_word' id='word_1_105' title='bbox 898 1879 1034 1964; x_wconf 85' lang='lat' dir='ltr'>singula.</span> <span class='ocrx_word' id='word_1_106' title='bbox 1092 1951 1109 1982; x_wconf 33' lang='grc' dir='ltr'><em>δ</em></span> 
     </span>
    </p>

    <p class='ocr_par' dir='ltr' id='par_1_4' title="bbox 280 1991 1471 2523">
     <span class='ocr_line' id='line_1_14' title="bbox 367 1991 1471 2078; baseline 0.001 -21"><span class='ocrx_word' id='word_1_107' title='bbox 367 1992 537 2059; x_wconf 83' lang='lat' dir='ltr'>Ablativus</span> <span class='ocrx_word' id='word_1_108' title='bbox 549 2014 644 2058; x_wconf 90' lang='lat' dir='ltr'>verus</span> <span class='ocrx_word' id='word_1_109' title='bbox 657 1992 709 2057; x_wconf 92' lang='lat' dir='ltr'>vel</span> <span class='ocrx_word' id='word_1_110' title='bbox 723 1993 876 2078; x_wconf 87' lang='lat' dir='ltr'>proprius</span> <span class='ocrx_word' id='word_1_111' title='bbox 899 1991 1061 2076; x_wconf 88' lang='lat' dir='ltr'>significat</span> <span class='ocrx_word' id='word_1_112' title='bbox 1082 1993 1188 2057; x_wconf 91' lang='lat' dir='ltr'>locum</span> <span class='ocrx_word' id='word_1_113' title='bbox 1210 1991 1361 2073; x_wconf 83' lang='lat' dir='ltr'>velrem,</span> <span class='ocrx_word' id='word_1_114' title='bbox 1384 1993 1471 2058; x_wconf 91' lang='lat' dir='ltr'>unde</span> 
     </span>
     <span class='ocr_line' id='line_1_15' title="bbox 282 2103 1471 2190; baseline 0.001 -21"><span class='ocrx_word' id='word_1_115' title='bbox 282 2104 408 2188; x_wconf 89' lang='lat' dir='ltr'>aliquid</span> <span class='ocrx_word' id='word_1_116' title='bbox 440 2106 516 2184; x_wconf 85' lang='lat' dir='ltr'>exit,</span> <span class='ocrx_word' id='word_1_117' title='bbox 548 2110 606 2170; x_wconf 90' lang='lat' dir='ltr'>aut</span> <span class='ocrx_word' id='word_1_118' title='bbox 628 2105 737 2188; x_wconf 89' lang='lat' dir='ltr'>aliquo</span> <span class='ocrx_word' id='word_1_119' title='bbox 759 2105 855 2170; x_wconf 95' lang='lat' dir='ltr'>modo</span> <span class='ocrx_word' id='word_1_120' title='bbox 884 2104 1119 2190; x_wconf 88' lang='lat' dir='ltr'>proficiscitur:</span> <span class='ocrx_word' id='word_1_121' title='bbox 1162 2106 1229 2169; x_wconf 90' lang='lat' dir='ltr'>Das</span> <span class='ocrx_word' id='word_1_122' title='bbox 1251 2103 1471 2172; x_wconf 88' lang='lat' dir='ltr'>Herkommen</span> 
     </span>
     <span class='ocr_line' id='line_1_16' title="bbox 281 2215 1471 2300; baseline 0 -19"><span class='ocrx_word' id='word_1_123' title='bbox 281 2237 344 2282; x_wconf 89' lang='lat' dir='ltr'>von</span> <span class='ocrx_word' id='word_1_124' title='bbox 368 2217 474 2281; x_wconf 90' lang='lat' dir='ltr'>einem</span> <span class='ocrx_word' id='word_1_125' title='bbox 496 2215 583 2281; x_wconf 89' lang='lat' dir='ltr'>Orte.</span> <span class='ocrx_word' id='word_1_126' title='bbox 628 2217 749 2282; x_wconf 89' lang='lat' dir='ltr'>Notum</span> <span class='ocrx_word' id='word_1_127' title='bbox 772 2221 821 2281; x_wconf 90' lang='lat' dir='ltr'>est</span> <span class='ocrx_word' id='word_1_128' title='bbox 842 2217 1020 2283; x_wconf 86' lang='lat' dir='ltr'>ablativum</span> <span class='ocrx_word' id='word_1_129' title='bbox 1041 2236 1154 2282; x_wconf 91' lang='lat' dir='ltr'>verum</span> <span class='ocrx_word' id='word_1_130' title='bbox 1174 2217 1253 2300; x_wconf 91' lang='lat' dir='ltr'>poni</span> <span class='ocrx_word' id='word_1_131' title='bbox 1277 2217 1311 2280; x_wconf 93' lang='lat' dir='ltr'>in</span> <span class='ocrx_word' id='word_1_132' title='bbox 1333 2218 1471 2281; x_wconf 90' lang='lat' dir='ltr'>nomini-</span> 
     </span>
     <span class='ocr_line' id='line_1_17' title="bbox 280 2327 1471 2412; baseline -0.002 -18"><span class='ocrx_word' id='word_1_133' title='bbox 280 2329 343 2394; x_wconf 86' lang='lat' dir='ltr'>bus</span> <span class='ocrx_word' id='word_1_134' title='bbox 371 2327 502 2393; x_wconf 91' lang='lat' dir='ltr'>urbium</span> <span class='ocrx_word' id='word_1_135' title='bbox 529 2327 581 2394; x_wconf 89' lang='lat' dir='ltr'>vel</span> <span class='ocrx_word' id='word_1_136' title='bbox 604 2349 779 2412; x_wconf 89' lang='lat' dir='ltr'>parvarum</span> <span class='ocrx_word' id='word_1_137' title='bbox 802 2328 990 2408; x_wconf 90' lang='lat' dir='ltr'>insularum,</span> <span class='ocrx_word' id='word_1_138' title='bbox 1014 2349 1088 2393; x_wconf 89' lang='lat' dir='ltr'>curn</span> <span class='ocrx_word' id='word_1_139' title='bbox 1112 2328 1281 2411; x_wconf 90' lang='lat' dir='ltr'>quaeritur</span> <span class='ocrx_word' id='word_1_140' title='bbox 1303 2328 1389 2393; x_wconf 90' lang='lat' dir='ltr'>unde</span> <span class='ocrx_word' id='word_1_141' title='bbox 1412 2329 1471 2394; x_wconf 90' lang='lat' dir='ltr'>ali-</span> 
     </span>
     <span class='ocr_line' id='line_1_18' title="bbox 282 2439 763 2523; baseline -0.002 -18"><span class='ocrx_word' id='word_1_142' title='bbox 282 2441 356 2523; x_wconf 88' lang='lat' dir='ltr'>quis</span> <span class='ocrx_word' id='word_1_143' title='bbox 378 2440 488 2506; x_wconf 89' lang='lat' dir='ltr'>veniat</span> <span class='ocrx_word' id='word_1_144' title='bbox 509 2439 560 2506; x_wconf 91' lang='lat' dir='ltr'>vel</span> <span class='ocrx_word' id='word_1_145' title='bbox 582 2461 635 2505; x_wconf 90' lang='lat' dir='ltr'>res</span> <span class='ocrx_word' id='word_1_146' title='bbox 660 2444 763 2506; x_wconf 86' lang='lat' dir='ltr'>exeat.</span> 
     </span>
    </p>

    <p class='ocr_par' dir='ltr' id='par_1_5' title="bbox 277 2552 1482 4655">
     <span class='ocr_line' id='line_1_19' title="bbox 366 2552 1471 2638; baseline 0.001 -22"><span class='ocrx_word' id='word_1_147' title='bbox 366 2553 549 2618; x_wconf 83' lang='lat' dir='ltr'>novissume</span> <span class='ocrx_word' id='word_1_148' title='bbox 585 2553 715 2618; x_wconf 89' lang='lat' dir='ltr'>rediens</span> <span class='ocrx_word' id='word_1_149' title='bbox 744 2557 910 2619; x_wconf 82' lang='lat' dir='ltr'>Numantia</span> <span class='ocrx_word' id='word_1_150' title='bbox 935 2552 1089 2638; x_wconf 71' lang='lat' dir='ltr'>Iug.10,2</span> <span class='ocrx_word' id='word_1_151' title='bbox 1119 2552 1159 2617; x_wconf 88' lang='lat' dir='ltr'>de</span> <span class='ocrx_word' id='word_1_152' title='bbox 1185 2553 1370 2618; x_wconf 91' lang='lat' dir='ltr'>innocentia</span> <span class='ocrx_word' id='word_1_153' title='bbox 1399 2553 1471 2637; x_wconf 87' lang='lat' dir='ltr'>ejus</span> 
     </span>
     <span class='ocr_line' id='line_1_20' title="bbox 281 2663 1472 2748; baseline 0.002 -20"><span class='ocrx_word' id='word_1_154' title='bbox 281 2664 400 2729; x_wconf 89' lang='lat' dir='ltr'>certior</span> <span class='ocrx_word' id='word_1_155' title='bbox 429 2669 526 2729; x_wconf 82' lang='lat' dir='ltr'>Romo</span> <span class='ocrx_word' id='word_1_156' title='bbox 554 2663 661 2730; x_wconf 86' lang='lat' dir='ltr'>factus</span> <span class='ocrx_word' id='word_1_157' title='bbox 697 2665 765 2747; x_wconf 84' lang='lat' dir='ltr'>lug.</span> <span class='ocrx_word' id='word_1_158' title='bbox 789 2670 853 2748; x_wconf 84' lang='lat'>46„</span> <span class='ocrx_word' id='word_1_159' title='bbox 894 2664 995 2747; x_wconf 84' lang='lat' dir='ltr'>igitur</span> <span class='ocrx_word' id='word_1_160' title='bbox 1029 2667 1220 2744; x_wconf 70' lang='lat' dir='ltr'>Oortboqioe</span> <span class='ocrx_word' id='word_1_161' title='bbox 1253 2665 1316 2730; x_wconf 95' lang='lat' dir='ltr'>duo</span> <span class='ocrx_word' id='word_1_162' title='bbox 1351 2663 1472 2730; x_wconf 81' lang='lat' dir='ltr'>fratres</span> 
     </span>
     <span class='ocr_line' id='line_1_21' title="bbox 279 2774 1469 2862; baseline -0.001 -20"><span class='ocrx_word' id='word_1_163' title='bbox 279 2777 370 2842; x_wconf 89' lang='lat' dir='ltr'>missi</span> <span class='ocrx_word' id='word_1_164' title='bbox 400 2776 468 2859; x_wconf 85' lang='lat' dir='ltr'>Iug.</span> <span class='ocrx_word' id='word_1_165' title='bbox 495 2782 560 2862; x_wconf 79' lang='lat'>79„</span> <span class='ocrx_word' id='word_1_166' title='bbox 584 2776 721 2841; x_wconf 86' lang='lat' dir='ltr'>interim¹</span> <span class='ocrx_word' id='word_1_167' title='bbox 737 2779 833 2840; x_wconf 82' lang='lat' dir='ltr'>Romo</span> <span class='ocrx_word' id='word_1_168' title='bbox 854 2796 913 2859; x_wconf 88' lang='lat' dir='ltr'>per</span> <span class='ocrx_word' id='word_1_169' title='bbox 933 2774 1062 2840; x_wconf 82' lang='lat' dir='ltr'>litteras</span> <span class='ocrx_word' id='word_1_170' title='bbox 1093 2777 1213 2840; x_wconf 81' lang='lat' dir='ltr'>certior</span> <span class='ocrx_word' id='word_1_171' title='bbox 1237 2775 1275 2841; x_wconf 87' lang='lat' dir='ltr'>fit</span> <span class='ocrx_word' id='word_1_172' title='bbox 1295 2776 1364 2858; x_wconf 82' lang='lat' dir='ltr'>lug.</span> <span class='ocrx_word' id='word_1_173' title='bbox 1390 2781 1469 2862; x_wconf 51' lang='lat'>822.</span> 
     </span>
     <span class='ocr_line' id='line_1_22' title="bbox 281 2881 1471 2971; baseline -0.001 -18"><span class='ocrx_word' id='word_1_174' title='bbox 281 2888 346 2953; x_wconf 86' lang='lat' dir='ltr'>Sed</span> <span class='ocrx_word' id='word_1_175' title='bbox 375 2888 538 2954; x_wconf 91' lang='lat' dir='ltr'>interdum</span> <span class='ocrx_word' id='word_1_176' title='bbox 567 2887 698 2952; x_wconf 93' lang='lat' dir='ltr'>urbium</span> <span class='ocrx_word' id='word_1_177' title='bbox 728 2881 912 2954; x_wconf 91' lang='lat' dir='ltr'>nominibus</span> <span class='ocrx_word' id='word_1_178' title='bbox 933 2887 1192 2971; x_wconf 84' lang='lat' dir='ltr'>praepositiones</span> <span class='ocrx_word' id='word_1_179' title='bbox 1215 2888 1389 2967; x_wconf 87' lang='lat' dir='ltr'>adduntur,</span> <span class='ocrx_word' id='word_1_180' title='bbox 1412 2889 1471 2954; x_wconf 92' lang='lat' dir='ltr'>ubi</span> 
     </span>
     <span class='ocr_line' id='line_1_23' title="bbox 280 2999 1472 3086; baseline 0 -21"><span class='ocrx_word' id='word_1_181' title='bbox 280 2999 460 3066; x_wconf 89' lang='lat' dir='ltr'>ablativum</span> <span class='ocrx_word' id='word_1_182' title='bbox 487 3001 590 3066; x_wconf 90' lang='lat' dir='ltr'>solum</span> <span class='ocrx_word' id='word_1_183' title='bbox 621 3006 863 3086; x_wconf 83' lang='lat' dir='ltr'>exspectamus:</span> <span class='ocrx_word' id='word_1_184' title='bbox 897 3004 935 3065; x_wconf 85' lang='lat' dir='ltr'>ab</span> <span class='ocrx_word' id='word_1_185' title='bbox 959 3005 1054 3066; x_wconf 84' lang='lat' dir='ltr'>Zama</span> <span class='ocrx_word' id='word_1_186' title='bbox 1077 3000 1215 3065; x_wconf 88' lang='lat' dir='ltr'>discedit</span> <span class='ocrx_word' id='word_1_187' title='bbox 1240 2999 1308 3084; x_wconf 86' lang='lat' dir='ltr'>Iug.</span> <span class='ocrx_word' id='word_1_188' title='bbox 1333 3005 1409 3086; x_wconf 81' lang='lat'>61„‚</span> <span class='ocrx_word' id='word_1_189' title='bbox 1432 3005 1472 3065; x_wconf 85' lang='lat' dir='ltr'>ob</span> 
     </span>
     <span class='ocr_line' id='line_1_24' title="bbox 285 3111 1473 3198; baseline 0.001 -22"><span class='ocrx_word' id='word_1_190' title='bbox 285 3116 386 3192; x_wconf 83' lang='lat' dir='ltr'>Capsu</span> <span class='ocrx_word' id='word_1_191' title='bbox 406 3133 471 3177; x_wconf 95' lang='lat' dir='ltr'>non</span> <span class='ocrx_word' id='word_1_192' title='bbox 493 3113 632 3198; x_wconf 90' lang='lat' dir='ltr'>amplius</span> <span class='ocrx_word' id='word_1_193' title='bbox 655 3112 754 3178; x_wconf 90' lang='lat' dir='ltr'>duum</span> <span class='ocrx_word' id='word_1_194' title='bbox 776 3111 900 3176; x_wconf 92' lang='lat' dir='ltr'>milium</span> <span class='ocrx_word' id='word_1_195' title='bbox 921 3111 1091 3177; x_wconf 89' lang='lat' dir='ltr'>intervallo</span> <span class='ocrx_word' id='word_1_196' title='bbox 1112 3112 1181 3196; x_wconf 84' lang='lat' dir='ltr'>lug.</span> <span class='ocrx_word' id='word_1_197' title='bbox 1207 3118 1272 3198; x_wconf 77' lang='lat'>91,3</span> <span class='ocrx_word' id='word_1_198' title='bbox 1294 3118 1371 3177; x_wconf 91' lang='lat' dir='ltr'>tum.</span> <span class='ocrx_word' id='word_1_199' title='bbox 1388 3112 1473 3177; x_wconf 92' lang='lat' dir='ltr'>Bru-</span> 
     </span>
     <span class='ocr_line' id='line_1_25' title="bbox 279 3223 1474 3309; baseline -0.001 -20"><span class='ocrx_word' id='word_1_200' title='bbox 279 3230 333 3290; x_wconf 93' lang='lat' dir='ltr'>tus</span> <span class='ocrx_word' id='word_1_201' title='bbox 362 3228 400 3288; x_wconf 86' lang='lat' dir='ltr'>ab</span> <span class='ocrx_word' id='word_1_202' title='bbox 423 3229 520 3290; x_wconf 82' lang='lat' dir='ltr'>Romo</span> <span class='ocrx_word' id='word_1_203' title='bbox 551 3223 667 3289; x_wconf 85' lang='lat' dir='ltr'>aberat</span> <span class='ocrx_word' id='word_1_204' title='bbox 690 3224 758 3290; x_wconf 81' lang='lat' dir='ltr'>Cat.</span> <span class='ocrx_word' id='word_1_205' title='bbox 781 3230 858 3309; x_wconf 73' lang='lat'>40,5.</span> <span class='ocrx_word' id='word_1_206' title='bbox 904 3223 937 3288; x_wconf 87' lang='lat' dir='ltr'>Si</span> <span class='ocrx_word' id='word_1_207' title='bbox 959 3223 1145 3289; x_wconf 85' lang='lat' dir='ltr'>accuratius</span> <span class='ocrx_word' id='word_1_208' title='bbox 1172 3224 1259 3288; x_wconf 90' lang='lat' dir='ltr'>hunc</span> <span class='ocrx_word' id='word_1_209' title='bbox 1288 3245 1382 3289; x_wconf 90' lang='lat' dir='ltr'>usum</span> <span class='ocrx_word' id='word_1_210' title='bbox 1412 3224 1474 3289; x_wconf 94' lang='lat' dir='ltr'>ob-</span> 
     </span>
     <span class='ocr_line' id='line_1_26' title="bbox 280 3335 1475 3422; baseline -0.001 -21"><span class='ocrx_word' id='word_1_211' title='bbox 280 3355 456 3417; x_wconf 87' lang='lat' dir='ltr'>servamus,</span> <span class='ocrx_word' id='word_1_212' title='bbox 478 3336 627 3402; x_wconf 90' lang='lat' dir='ltr'>videmus</span> <span class='ocrx_word' id='word_1_213' title='bbox 645 3336 919 3421; x_wconf 87' lang='lat' dir='ltr'>praepositionem</span> <span class='ocrx_word' id='word_1_214' title='bbox 941 3335 1009 3418; x_wconf 83' lang='lat' dir='ltr'>lug.</span> <span class='ocrx_word' id='word_1_215' title='bbox 1035 3341 1101 3422; x_wconf 82' lang='lat'>61„</span> <span class='ocrx_word' id='word_1_216' title='bbox 1136 3337 1258 3419; x_wconf 88' lang='lat' dir='ltr'>optimo</span> <span class='ocrx_word' id='word_1_217' title='bbox 1287 3337 1362 3420; x_wconf 87' lang='lat' dir='ltr'>jure</span> <span class='ocrx_word' id='word_1_218' title='bbox 1383 3337 1475 3420; x_wconf 87' lang='lat' dir='ltr'>posi—</span> 
     </span>
     <span class='ocr_line' id='line_1_27' title="bbox 278 3447 1479 3532; baseline -0.001 -19"><span class='ocrx_word' id='word_1_219' title='bbox 278 3454 347 3514; x_wconf 89' lang='lat' dir='ltr'>tam</span> <span class='ocrx_word' id='word_1_220' title='bbox 376 3470 462 3528; x_wconf 90' lang='lat' dir='ltr'>esse,</span> <span class='ocrx_word' id='word_1_221' title='bbox 491 3449 580 3531; x_wconf 88' lang='lat' dir='ltr'>quod</span> <span class='ocrx_word' id='word_1_222' title='bbox 609 3448 760 3514; x_wconf 89' lang='lat' dir='ltr'>Metellus</span> <span class='ocrx_word' id='word_1_223' title='bbox 790 3448 832 3513; x_wconf 88' lang='lat' dir='ltr'>ab</span> <span class='ocrx_word' id='word_1_224' title='bbox 862 3449 1103 3532; x_wconf 84' lang='lat' dir='ltr'>oppugnatione</span> <span class='ocrx_word' id='word_1_225' title='bbox 1132 3447 1251 3513; x_wconf 88' lang='lat' dir='ltr'>Zamae</span> <span class='ocrx_word' id='word_1_226' title='bbox 1285 3447 1410 3512; x_wconf 90' lang='lat' dir='ltr'>recedit</span> <span class='ocrx_word' id='word_1_227' title='bbox 1439 3449 1479 3513; x_wconf 88' lang='lat' dir='ltr'>cf</span> 
     </span>
     <span class='ocr_line' id='line_1_28' title="bbox 279 3559 1474 3648; baseline 0.001 -22"><span class='ocrx_word' id='word_1_228' title='bbox 279 3561 377 3626; x_wconf 87' lang='lat' dir='ltr'>Hand</span> <span class='ocrx_word' id='word_1_229' title='bbox 406 3560 528 3627; x_wconf 88' lang='lat' dir='ltr'>Tursel.</span> <span class='ocrx_word' id='word_1_230' title='bbox 552 3562 576 3626; x_wconf 94' lang='lat' dir='ltr'>I.</span> <span class='ocrx_word' id='word_1_231' title='bbox 605 3584 637 3646; x_wconf 94' lang='lat' dir='ltr'>p.</span> <span class='ocrx_word' id='word_1_232' title='bbox 671 3567 721 3628; x_wconf 85' lang='lat'>10.</span> <span class='ocrx_word' id='word_1_233' title='bbox 763 3561 801 3626; x_wconf 89' lang='lat' dir='ltr'>In</span> <span class='ocrx_word' id='word_1_234' title='bbox 823 3560 896 3626; x_wconf 87' lang='lat' dir='ltr'>aliis</span> <span class='ocrx_word' id='word_1_235' title='bbox 921 3559 1001 3625; x_wconf 91' lang='lat' dir='ltr'>locis</span> <span class='ocrx_word' id='word_1_236' title='bbox 1030 3561 1098 3644; x_wconf 87' lang='lat' dir='ltr'>Ing.</span> <span class='ocrx_word' id='word_1_237' title='bbox 1122 3565 1185 3645; x_wconf 82' lang='lat'>82„</span> <span class='ocrx_word' id='word_1_238' title='bbox 1221 3566 1286 3646; x_wconf 82' lang='grc'>91,3</span> <span class='ocrx_word' id='word_1_239' title='bbox 1312 3559 1381 3624; x_wconf 85' lang='lat' dir='ltr'>Cat.</span> <span class='ocrx_word' id='word_1_240' title='bbox 1402 3566 1474 3648; x_wconf 74' lang='lat'>40,5</span> 
     </span>
     <span class='ocr_line' id='line_1_29' title="bbox 278 3673 1478 3758; baseline 0 -20"><span class='ocrx_word' id='word_1_241' title='bbox 278 3674 478 3758; x_wconf 89' lang='lat' dir='ltr'>praepositio</span> <span class='ocrx_word' id='word_1_242' title='bbox 511 3694 583 3738; x_wconf 91' lang='lat' dir='ltr'>eam</span> <span class='ocrx_word' id='word_1_243' title='bbox 608 3673 711 3738; x_wconf 90' lang='lat' dir='ltr'>habet</span> <span class='ocrx_word' id='word_1_244' title='bbox 740 3675 812 3754; x_wconf 88' lang='lat' dir='ltr'>vim,</span> <span class='ocrx_word' id='word_1_245' title='bbox 842 3679 880 3738; x_wconf 92' lang='lat' dir='ltr'>ut</span> <span class='ocrx_word' id='word_1_246' title='bbox 913 3673 1088 3739; x_wconf 88' lang='lat' dir='ltr'>distantiae</span> <span class='ocrx_word' id='word_1_247' title='bbox 1108 3673 1273 3738; x_wconf 90' lang='lat' dir='ltr'>notionem</span> <span class='ocrx_word' id='word_1_248' title='bbox 1296 3677 1416 3756; x_wconf 86' lang='lat' dir='ltr'>augeat</span> <span class='ocrx_word' id='word_1_249' title='bbox 1439 3679 1478 3738; x_wconf 92' lang='lat' dir='ltr'>et</span> 
     </span>
     <span class='ocr_line' id='line_1_30' title="bbox 284 3784 1478 3870; baseline 0 -20"><span class='ocrx_word' id='word_1_250' title='bbox 284 3806 413 3852; x_wconf 88' lang='lat' dir='ltr'>sensum</span> <span class='ocrx_word' id='word_1_251' title='bbox 437 3786 536 3850; x_wconf 87' lang='lat' dir='ltr'>animi</span> <span class='ocrx_word' id='word_1_252' title='bbox 556 3806 655 3869; x_wconf 89' lang='lat' dir='ltr'>quam</span> <span class='ocrx_word' id='word_1_253' title='bbox 677 3787 881 3870; x_wconf 88' lang='lat' dir='ltr'>apertissime</span> <span class='ocrx_word' id='word_1_254' title='bbox 904 3787 1074 3869; x_wconf 88' lang='lat' dir='ltr'>exprimat.</span> <span class='ocrx_word' id='word_1_255' title='bbox 1104 3785 1143 3850; x_wconf 87' lang='lat' dir='ltr'>cf.</span> <span class='ocrx_word' id='word_1_256' title='bbox 1166 3784 1289 3850; x_wconf 80' lang='lat' dir='ltr'>Sueten</span> <span class='ocrx_word' id='word_1_257' title='bbox 1316 3786 1397 3869; x_wconf 84' lang='lat' dir='ltr'>Aug.</span> <span class='ocrx_word' id='word_1_258' title='bbox 1420 3791 1478 3851; x_wconf 87' lang='lat'>88.</span> 
     </span>
     <span class='ocr_line' id='line_1_31' title="bbox 280 3896 1477 3982; baseline 0 -20"><span class='ocrx_word' id='word_1_259' title='bbox 280 3898 435 3981; x_wconf 83' lang='lat' dir='ltr'>Draeger.</span> <span class='ocrx_word' id='word_1_260' title='bbox 458 3897 572 3962; x_wconf 88' lang='lat' dir='ltr'>histor.</span> <span class='ocrx_word' id='word_1_261' title='bbox 595 3896 668 3982; x_wconf 86' lang='lat' dir='ltr'>Syn.</span> <span class='ocrx_word' id='word_1_262' title='bbox 691 3921 722 3982; x_wconf 93' lang='lat' dir='ltr'>p.</span> <span class='ocrx_word' id='word_1_263' title='bbox 746 3903 818 3965; x_wconf 82' lang='lat'><strong>496.</strong></span> <span class='ocrx_word' id='word_1_264' title='bbox 862 3897 1040 3964; x_wconf 90' lang='lat' dir='ltr'>Praeterea</span> <span class='ocrx_word' id='word_1_265' title='bbox 1064 3898 1244 3963; x_wconf 89' lang='lat' dir='ltr'>notandum</span> <span class='ocrx_word' id='word_1_266' title='bbox 1273 3901 1331 3977; x_wconf 87' lang='lat' dir='ltr'>est,</span> <span class='ocrx_word' id='word_1_267' title='bbox 1364 3896 1477 3962; x_wconf 85' lang='lat' dir='ltr'>Sallu-</span> 
     </span>
     <span class='ocr_line' id='line_1_32' title="bbox 279 4007 1479 4094; baseline 0.001 -19"><span class='ocrx_word' id='word_1_268' title='bbox 279 4009 377 4075; x_wconf 92' lang='lat' dir='ltr'>stium</span> <span class='ocrx_word' id='word_1_269' title='bbox 398 4007 499 4075; x_wconf 89' lang='lat' dir='ltr'>verbo</span> <span class='ocrx_word' id='word_1_270' title='bbox 522 4009 636 4076; x_wconf 87' lang='lat' dir='ltr'>abesse</span> <span class='ocrx_word' id='word_1_271' title='bbox 658 4031 786 4094; x_wconf 88' lang='lat' dir='ltr'>semper</span> <span class='ocrx_word' id='word_1_272' title='bbox 807 4010 1083 4093; x_wconf 90' lang='lat' dir='ltr'>praepositionem</span> <span class='ocrx_word' id='word_1_273' title='bbox 1106 4009 1149 4074; x_wconf 93' lang='lat' dir='ltr'>ab</span> <span class='ocrx_word' id='word_1_274' title='bbox 1171 4009 1314 4093; x_wconf 87' lang='lat' dir='ltr'>adjicere</span> <span class='ocrx_word' id='word_1_275' title='bbox 1338 4008 1377 4073; x_wconf 86' lang='lat' dir='ltr'>cf.</span> <span class='ocrx_word' id='word_1_276' title='bbox 1400 4008 1479 4092; x_wconf 79' lang='lat' dir='ltr'>lug.</span> 
     </span>
     <span class='ocr_line' id='line_1_33' title="bbox 278 4121 1480 4208; baseline -0.001 -21"><span class='ocrx_word' id='word_1_277' title='bbox 278 4128 344 4207; x_wconf 77' lang='lat'>48,3</span> <span class='ocrx_word' id='word_1_278' title='bbox 368 4126 435 4208; x_wconf 78' lang='lat'>44,5</span> <span class='ocrx_word' id='word_1_279' title='bbox 449 4121 518 4186; x_wconf 83' lang='lat' dir='ltr'>Cat.</span> <span class='ocrx_word' id='word_1_280' title='bbox 542 4127 588 4207; x_wconf 71' lang='lat'>6,4</span> <span class='ocrx_word' id='word_1_281' title='bbox 612 4127 703 4208; x_wconf 53' lang='lat' dir='ltr'>how</span> <span class='ocrx_word' id='word_1_282' title='bbox 748 4122 869 4187; x_wconf 80' lang='lat' dir='ltr'>Caesar</span> <span class='ocrx_word' id='word_1_283' title='bbox 880 4123 1155 4207; x_wconf 89' lang='lat' dir='ltr'>praepositionem</span> <span class='ocrx_word' id='word_1_284' title='bbox 1168 4121 1360 4206; x_wconf 91' lang='lat' dir='ltr'>plerumque</span> <span class='ocrx_word' id='word_1_285' title='bbox 1376 4122 1480 4186; x_wconf 89' lang='lat' dir='ltr'>omit-</span> 
     </span>
     <span class='ocr_line' id='line_1_34' title="bbox 277 4233 1479 4321; baseline 0.002 -23"><span class='ocrx_word' id='word_1_286' title='bbox 277 4234 327 4299; x_wconf 92' lang='lat' dir='ltr'>tit.</span> <span class='ocrx_word' id='word_1_287' title='bbox 370 4233 483 4298; x_wconf 88' lang='lat' dir='ltr'>Posita</span> <span class='ocrx_word' id='word_1_288' title='bbox 500 4238 550 4298; x_wconf 90' lang='lat' dir='ltr'>est</span> <span class='ocrx_word' id='word_1_289' title='bbox 564 4234 639 4300; x_wconf 87' lang='lat' dir='ltr'>bell.</span> <span class='ocrx_word' id='word_1_290' title='bbox 664 4234 746 4299; x_wconf 92' lang='lat' dir='ltr'>civil.</span> <span class='ocrx_word' id='word_1_291' title='bbox 772 4234 828 4299; x_wconf 91' lang='lat' dir='ltr'><strong>III.</strong></span> <span class='ocrx_word' id='word_1_292' title='bbox 853 4239 939 4321; x_wconf 81' lang='lat'>108„</span> <span class='ocrx_word' id='word_1_293' title='bbox 966 4241 1020 4321; x_wconf 81' lang='lat'>8,4.</span> <span class='ocrx_word' id='word_1_294' title='bbox 1043 4235 1118 4319; x_wconf 88' lang='lat' dir='ltr'>bell.</span> <span class='ocrx_word' id='word_1_295' title='bbox 1131 4234 1205 4317; x_wconf 83' lang='lat' dir='ltr'>gall.</span> <span class='ocrx_word' id='word_1_296' title='bbox 1230 4233 1298 4300; x_wconf 90' lang='lat' dir='ltr'><strong>VII.</strong></span> <span class='ocrx_word' id='word_1_297' title='bbox 1322 4238 1388 4317; x_wconf 84' lang='lat'>80,9</span> <span class='ocrx_word' id='word_1_298' title='bbox 1414 4237 1479 4316; x_wconf 86' lang='lat' dir='ltr'>qui</span> 
     </span>
     <span class='ocr_line' id='line_1_35' title="bbox 277 4345 1481 4430; baseline 0.002 -20"><span class='ocrx_word' id='word_1_299' title='bbox 277 4346 341 4411; x_wconf 93' lang='lat' dir='ltr'>loci</span> <span class='ocrx_word' id='word_1_300' title='bbox 363 4345 460 4412; x_wconf 84' lang='lat' dir='ltr'>facile</span> <span class='ocrx_word' id='word_1_301' title='bbox 484 4346 680 4430; x_wconf 85' lang='lat' dir='ltr'>explanandi</span> <span class='ocrx_word' id='word_1_302' title='bbox 703 4352 779 4413; x_wconf 89' lang='lat' dir='ltr'>sunt</span> <span class='ocrx_word' id='word_1_303' title='bbox 800 4345 835 4410; x_wconf 91' lang='lat' dir='ltr'>cf</span> <span class='ocrx_word' id='word_1_304' title='bbox 849 4345 991 4428; x_wconf 88' lang='lat' dir='ltr'>Fischer,</span> <span class='ocrx_word' id='word_1_305' title='bbox 1014 4345 1258 4412; x_wconf 86' lang='lat' dir='ltr'>Rectionslehre</span> <span class='ocrx_word' id='word_1_306' title='bbox 1281 4345 1335 4411; x_wconf 89' lang='lat' dir='ltr'>bei</span> <span class='ocrx_word' id='word_1_307' title='bbox 1349 4345 1481 4412; x_wconf 84' lang='lat' dir='ltr'>Caesar</span> 
     </span>
     <span class='ocr_line' id='line_1_36' title="bbox 277 4457 1481 4544; baseline 0.003 -22"><span class='ocrx_word' id='word_1_308' title='bbox 277 4459 295 4542; x_wconf 65' lang='grc' dir='ltr'>ξ</span> <span class='ocrx_word' id='word_1_309' title='bbox 318 4464 370 4523; x_wconf 84' lang='grc'>45.</span> <span class='ocrx_word' id='word_1_310' title='bbox 413 4457 548 4539; x_wconf 84' lang='lat' dir='ltr'>Livium,</span> <span class='ocrx_word' id='word_1_311' title='bbox 572 4459 628 4542; x_wconf 92' lang='lat' dir='ltr'>qui</span> <span class='ocrx_word' id='word_1_312' title='bbox 644 4457 787 4526; x_wconf 84' lang='lat' dir='ltr'>Graecos</span> <span class='ocrx_word' id='word_1_313' title='bbox 804 4459 962 4540; x_wconf 88' lang='lat' dir='ltr'>imitatur,</span> <span class='ocrx_word' id='word_1_314' title='bbox 984 4459 1260 4544; x_wconf 87' lang='lat' dir='ltr'>praepositionem</span> <span class='ocrx_word' id='word_1_315' title='bbox 1277 4458 1481 4542; x_wconf 79' lang='lat' dir='ltr'>plerumque</span> 
     </span>
     <span class='ocr_line' id='line_1_37' title="bbox 279 4569 1482 4655; baseline 0.002 -21"><span class='ocrx_word' id='word_1_316' title='bbox 279 4570 422 4655; x_wconf 89' lang='lat' dir='ltr'>adjicere</span> <span class='ocrx_word' id='word_1_317' title='bbox 445 4570 544 4636; x_wconf 86' lang='lat' dir='ltr'>etiam</span> <span class='ocrx_word' id='word_1_318' title='bbox 575 4571 609 4634; x_wconf 92' lang='lat' dir='ltr'>in</span> <span class='ocrx_word' id='word_1_319' title='bbox 632 4571 672 4636; x_wconf 90' lang='lat' dir='ltr'>iis</span> <span class='ocrx_word' id='word_1_320' title='bbox 698 4571 788 4653; x_wconf 93' lang='lat' dir='ltr'>locis,</span> <span class='ocrx_word' id='word_1_321' title='bbox 817 4571 935 4654; x_wconf 89' lang='lat' dir='ltr'>quibus</span> <span class='ocrx_word' id='word_1_322' title='bbox 957 4572 1048 4655; x_wconf 84' lang='lat' dir='ltr'>regio</span> <span class='ocrx_word' id='word_1_323' title='bbox 1073 4571 1163 4636; x_wconf 89' lang='lat' dir='ltr'>urbis</span> <span class='ocrx_word' id='word_1_324' title='bbox 1185 4591 1249 4635; x_wconf 91' lang='lat' dir='ltr'>non</span> <span class='ocrx_word' id='word_1_325' title='bbox 1274 4569 1482 4653; x_wconf 78' lang='lat' dir='ltr'>intelligitur</span> 
     </span>
    </p>
   </div>
   <div class='ocr_carea' id='block_1_4' title="bbox 0 0 1594 5270">
    <p class='ocr_par' dir='ltr' id='par_1_6' title="bbox 0 0 1594 5270">
     <span class='ocr_line' id='line_1_38' title="bbox 0 0 1594 5270; baseline 0 0"><span class='ocrx_word' id='word_1_326' title='bbox 0 0 1594 5270; x_wconf 95' lang='lat' dir='ltr'> </span> 
     </span>
    </p>
   </div>
  </div>
 </body>
</html>
