3180 5276
657 417 853 478 ..7.-

160 607 234 684 quae
253 601 403 669 omuibus
429 599 554 688 expulit
583 601 752 690 Ing.14„.
802 607 911 682 patrio
938 623 1036 686 rayno
1072 602 1141 688 Ing.
1173 609 1240 690 24,
1267 625 1349 689 quos

157 713 321 800 flagitium
340 719 399 780 aut
418 715 545 782 lacinus
567 721 653 781 domo
675 713 847 800 expulerat
869 711 937 782 Gat
959 720 1036 802 3⁷u·

239 830 428 908 muhdar:
450 825 516 894 Ubi
536 826 712 912 prohibere
730 825 893 912 signifieat
906 826 1111 908 „abhalten“,
1133 827 1291 908 ,demand
1306 850 1349 895 an

159 943 260 1006 etwas
279 938 447 1020 hindern“,
469 959 490 1006 a
513 938 669 1007 Sallustio
685 938 878 1024 plerumque
889 939 1097 1026 conjungitur
1115 961 1189 1006 cum
1204 940 1348 1008 ablativo

157 1051 244 1118 solo:
265 1055 421 1118 moenibus
441 1050 610 1136 prohibuit
622 1052 691 1135 lug.
715 1056 782 1138 21„
809 1051 905 1118 simul
925 1050 1030 1118 hisnu
1051 1057 1132 1118 nari
1152 1052 1350 1138 prohibebat

157 1163 218 1248 Ep.
241 1162 350 1228 Mithr.
381 1168 430 1230 14.
473 1162 521 1228 illi
543 1168 649 1244 juneo
668 1162 827 1248 prohibiti
849 1163 918 1230 eat.
941 1168 1007 1250 28,3
1028 1183 1120 1230 mare
1140 1183 1295 1250 magnum
1315 1171 1351 1233 et

156 1273 397 1360 ignaralingua
418 1279 596 1342 eomnwrcio
610 1274 831 1360 prohibebant
851 1276 920 1360 lug.
945 1281 1010 1362 18„
1033 1279 1149 1359 portae
1161 1280 1238 1342 ante
1260 1277 1349 1345 clau·

64 1383 67 1388 ’
157 1409 215 1454 sae
239 1395 323 1470 sepo
346 1386 567 1473 prohibebant
591 1387 745 1474 Iug.67,1
770 1387 1013 1454 multitudinem
1036 1387 1117 1454 artis
1138 1387 1219 1454 locis
1235 1409 1349 1471 papae

156 1499 355 1586 prohibuere
377 1499 436 1584 Ep.
459 1499 569 1566 Mithr.
593 1503 642 1566 15.
685 1503 808 1566 civitm
829 1521 891 1585 pro
912 1498 1024 1566 multis
1046 1487 1080 1565 et
1098 1500 1238 1586 egregiis
1252 1501 1349 1569 iactis

157 1633 179 1678 a
199 1611 294 1678 nobis
317 1617 392 1678 dete
411 1633 472 1696 per
493 1631 594 1678 uuum
605 1610 823 1696 prohibentur
840 1611 894 1677 Or.
911 1611 989 1696 Lep.
1012 1616 1061 1678 12.
1103 1615 1251 1694 prosim
1271 1617 1348 1680 bello

157 1724 215 1808 qui
235 1723 434 1810 prohibituri
444 1727 602 1790 venerant
619 1722 659 1788 fr.
675 1723 742 1790 Ino.
754 1729 808 1790 50.
829 1722 1109 1810 Praepositionem
1120 1729 1158 1790 ob
1174 1724 1297 1790 inveni:
1321 1726 1349 1792 si

157 1840 196 1902 ob
214 1837 290 1921 jure
314 1835 459 1920 gentium
479 1855 549 1902 sese
568 1834 776 1920 prohibuerit
787 1835 856 1918 lug.
869 1840 936 1922 22„
957 1836 1006 1902 ita
1023 1834 1227 1921 prohibendo
1249 1859 1271 1902 e
1293 1837 1348 1904 de·

156 1947 242 2015 lictis
263 1948 368 2033 magis
390 1968 489 2032 quam
508 1947 702 2014 vindicando
725 1947 905 2014 exercitum
932 1946 1026 2014 brevi
1055 1948 1259 2015 confirmavit
1277 1948 1347 2035 lug.

157 2065 234 2147 45,5.
264 2061 300 2126 Si
314 2059 489 2145 prohibere
503 2058 690 2127 idemvalet
708 2058 1027 2141 ac„Jemandenvor
1050 2064 1150 2126 etwas
1173 2061 1347 2128 schiitzen“

155 2171 289 2256 ponitur
309 2171 509 2257 praepositio
531 2170 590 2238 ab:
612 2176 723 2238 tamm
744 2176 782 2237 uh
805 2176 927 2252 injurio
938 2171 1090 2240 Maurum
1103 2172 1258 2258 prohibet
1277 2173 1346 2258 lug.

160 2289 256 2370 107„.
301 2284 397 2368 Apud
424 2283 552 2350 Livium
579 2287 688 2350 exstat
712 2283 912 2368 praepositio
942 2305 972 2366 a,
1008 2289 1150 2350 oblitteras
1185 2285 1348 2352 invenitur

158 2400 243 2482 lm„
277 2401 529 2483 25‚15,331,2„5.
572 2395 694 2463 Caesar
721 2394 914 2480 plerumque
941 2394 1034 2481 ponit
1062 2395 1250 2478 ablativum,
1270 2417 1346 2463 raro

155 2507 320 2592 reperitur
340 2507 541 2592 praepositio
568 2507 608 2573 of.
629 2506 705 2574 boll.
728 2507 803 2592 gall.
826 2512 913 2596 hm
938 2513 1026 2596 4‚34,4
1047 2507 1199 2576 Kiihnast
1219 2531 1251 2595 p.
1276 2513 1346 2575 170.

241 2619 278 2685 Β.
321 2619 431 2686 Verba
452 2619 667 2686 intransitiva

242 2752 428 2814 caterpam
449 2737 527 2798 sellu
547 2730 587 2797 fr.
608 2732 645 2799 V.
672 2736 721 2799 13.

244 2849 413 2910 decedere:
434 2842 492 2910 illa
513 2843 653 2910 formido
674 2849 823 2911 mmtihae
844 2842 984 2911 decessit
1004 2845 1074 2930 Ing.
1095 2851 1173 2932 41,3.

242 2955 352 3024 Livius
363 2955 466 3023 habet
477 2955 656 3023 ablativum
668 2962 702 3024 et
716 2955 992 3042 praepositionem
1007 2979 1058 3036 aa,
1073 2979 1149 3024 raro
1161 2964 1209 3036 de,
1233 2958 1345 3024 Cicero

153 3068 317 3135 interdum
340 3089 362 3134 c
383 3068 423 3134 cl.
447 3067 554 3134 Kiihn.
577 3089 609 3152 p.
634 3075 705 3136 167.

242 3186 413 3247 excedere:
434 3178 563 3246 tardius
581 3182 726 3248 revocati
738 3185 865 3262 proelio
882 3186 1092 3249 excesserant
1104 3181 1173 3248 Cat.
1195 3189 1249 3268 9,4.
1293 3181 1345 3248 Li-

154 3293 226 3360 vius
254 3290 366 3360 multis
386 3292 468 3358 locis
488 3297 627 3376 usurpat
647 3292 836 3375 ablativum,
857 3292 969 3361 Cicero
993 3293 1073 3361 dicit
1094 3299 1158 3360 vite
1178 3294 1345 3374 excedere,

154 3404 276 3472 Caesar
287 3410 363 3484 loeo,
371 3425 494 3488 papae,
514 3404 587 3472 aliis
601 3404 682 3472 locis
696 3405 859 3472 invenitur
866 3406 1066 3491 praepositio
1083 3428 1124 3473 ea
1139 3406 1179 3472 cf.
1194 3405 1346 3472 Kiihnast

153 3539 187 3602 p.
210 3523 280 3585 169.

242 3635 396 3711 defluere:
423 3629 487 3694 nisi
515 3649 582 3714 qua
601 3629 723 3696 flumen
744 3629 866 3697 Clurda
890 3634 994 3698 Tauro
1015 3641 1116 3698 moute
1138 3629 1282 3698 defluens
1304 3629 1344 3696 f.

151 3742 194 3808 11.
217 3747 267 3808 31.

241 3857 388 3935 deuredi:
410 3862 510 3919 moute
523 3853 593 3938 lug.
607 3859 675 3940 49,4
698 3853 852 3939 eollelug.
877 3860 953 3941 50,1.
976 3855 1089 3922 Cicero
1104 3855 1272 3941 conjungit
1281 3855 1344 3922 hoc

152 3965 289 4033 verbum
310 3985 386 4031 eum
407 3965 704 4050 praepositiombus
725 3987 747 4030 e
766 3969 800 4031 et
822 3973 870 4044 de,
900 3966 1022 4034 Caesar
1047 3988 1120 4033 cum
1143 3987 1200 4044 ere,
1234 3967 1344 4032 Livius

152 4099 227 4144 cum
254 4099 274 4142 o
303 4083 341 4142 de
370 4097 410 4143 ere
440 4080 651 4162 etquattuor
680 4082 810 4144 tantum
837 4078 919 4146 locis
953 4101 1026 4145 oum
1049 4078 1191 4146 ablativo
1215 4079 1283 4146 solo
1303 4080 1343 4144 cl.

150 4189 453 4272 Kiihnastp.167.

240 4305 446 4368 descendere:
468 4309 567 4368 monte
579 4301 648 4386 lug.
662 4305 728 4389 50„
751 4323 828 4384 equo
844 4301 884 4368 fr.
903 4302 940 4369 V.
960 4308 1009 4369 13.
1053 4303 1166 4372 Cicero
1189 4304 1343 4374 etbivius

151 4434 282 4497 semper
311 4417 449 4478 utuntur
476 4413 774 4497 praepositionibus
803 4436 844 4481 aa
873 4420 912 4481 de
932 4419 979 4480 eh.

241 4529 407 4591 desistere:
444 4529 565 4592 ertone
592 4524 632 4591 lr.
667 4525 709 4592 11.
748 4531 798 4594 34.
832 4526 1036 4612 Praepositio
1069 4527 1112 4593 ab
1138 4531 1247 4594 exstat
1272 4527 1342 4613 Ing.
