3180 5276
755 448 968 508 ...80-

276 635 369 694 catur
392 629 459 694 Cat.
484 636 513 710 4,
522 671 546 715 4.
581 629 680 713 igitur
701 630 758 695 ubi
779 631 904 696 animus
927 652 968 696 ex
987 632 1097 697 multis
1118 633 1258 698 miseriis
1280 638 1380 717 atque
1401 655 1451 718 pe·

270 741 381 806 riculis
403 742 572 825 requievit.

336 859 386 918 Ex
410 853 572 937 significat
594 859 757 935 originem:
782 855 939 938 patricius
962 877 1002 921 ex
1025 856 1205 922 clarissima
1228 862 1323 940 gente
1339 857 1450 923 Corne·

269 966 386 1031 liorum
409 965 476 1030 Cat.
502 973 582 1052 dog.
622 987 698 1031 nam
718 968 746 1032 is
769 968 847 1032 civis
871 989 911 1032 ex
936 968 1031 1032 Latio
1053 973 1125 1034 erat
1151 969 1220 1053 lug.
1244 975 1294 1050 69,
1302 1011 1327 1054 4.
1372 969 1451 1035 Mas·

269 1077 429 1160 eugradae
452 1076 537 1142 filius
559 1099 599 1143 ex
620 1084 715 1161 gente
738 1077 947 1144 Massinissae
969 1081 1037 1163 Iug.
1063 1086 1169 1166 108‚1.
1207 1087 1302 1164 pater
1325 1083 1394 1166 ejus
1414 1103 1450 1148 ex

269 1189 449 1255 concubina
471 1196 561 1256 ortus
585 1195 657 1255 erat
675 1191 743 1274 lug.
769 1197 869 1277 loen.
912 1191 1035 1257 invidia
1060 1213 1099 1256 ex
1122 1191 1290 1276 opulentia
1312 1199 1385 1258 orta
1407 1198 1452 1258 est

269 1301 337 1366 Cat.
362 1308 391 1384 6,
397 1343 422 1388 3.
467 1323 546 1367 neve
575 1323 615 1368 ex
644 1323 703 1367 sna
732 1303 936 1368 contentione
971 1304 1087 1370 seditio
1115 1305 1256 1370 oriretur
1281 1305 1349 1372 Cat.
1373 1311 1450 1391 34‚2.

270 1414 377 1478 omnia
398 1414 485 1479 mala
508 1414 656 1498 exempla
677 1435 717 1478 ex
739 1415 832 1480 bonis
854 1415 952 1480 rebus
982 1421 1055 1481 orta
1078 1421 1153 1482 sunt
1182 1415 1250 1481 cau.
1276 1423 1372 1503 51,27.
1416 1439 1452 1482 ex

271 1525 389 1608 quibus
412 1576 441 1592 ..
464 1548 504 1590 ne
527 1547 592 1610 qua
621 1526 737 1592 seditio
768 1531 826 1592 aut
847 1527 970 1593 bellum
991 1529 1133 1596 oriretur
1156 1529 1272 1593 anxius
1295 1534 1367 1594 erat
1388 1530 1451 1612 lug.

271 1643 299 1716 6,
306 1679 331 1722 3.
364 1659 491 1722 nequa
513 1660 553 1704 ex
576 1659 614 1704 eo
636 1640 766 1722 negotio
788 1639 904 1704 seditio
928 1641 1070 1706 oriretur
1097 1641 1165 1726 lug.
1191 1645 1273 1725 72,1.
1305 1643 1452 1725 quoniam

270 1770 310 1814 ex
332 1750 432 1834 stirpe
454 1750 662 1816 Massinissae
685 1750 728 1816 sit
749 1751 816 1834 lug.
840 1757 922 1837 35‚2.

356 1862 499 1928 Verbum
521 1867 652 1954 pignere
674 1863 810 1946 legimus
830 1863 898 1947 lug.
915 1870 975 1949 5‚7.
1006 1864 1035 1928 is
1057 1864 1277 1930 Adherbalem
1300 1870 1333 1930 et
1348 1865 1453 1930 Hiem-

269 1973 393 2058 psalem
425 1995 465 2040 ex
489 1995 559 2040 sese
590 1975 709 2059 genuit.
732 1976 800 2059 lug.
823 1981 926 2061 85‚13.
970 1997 1063 2041 mene
1091 1998 1133 2041 an
1154 1976 1227 2042 illos
1250 1998 1290 2042 ex
1313 1998 1347 2042 se
1370 1975 1454 2060 gigni

270 2084 452 2152 maluerint.

354 2202 502 2262 Materies
526 2219 651 2282 exque
673 2199 797 2282 aliquid
819 2199 941 2264 lactum
975 2200 1026 2264 vel
1056 2200 1270 2284 compositum
1292 2205 1342 2266 est
1362 2221 1455 2286 prae-

269 2309 430 2394 positione
453 2331 492 2374 ex
519 2309 569 2375 his
590 2310 671 2376 locis
694 2311 901 2395 exprimitur:
930 2331 1030 2394 genus
1050 2312 1216 2377 hominum
1244 2312 1456 2396 compositum

270 2443 311 2486 ex
333 2442 467 2506 corpore
497 2427 531 2488 et
553 2423 660 2488 anima
689 2423 757 2506 lug.
776 2427 838 2509 2‚1.
884 2424 1081 2506 compositus
1110 2445 1150 2489 ex
1177 2425 1276 2490 variis
1306 2423 1456 2508 gentibus

214 2590 217 2598 .
270 2533 444 2620 Iug.18,3.
481 2539 514 2599 et
536 2557 575 2600 ex
598 2536 694 2600 coriis
715 2541 806 2600 utres
826 2533 942 2600 fierent
964 2535 1124 2601 curabant
1145 2536 1213 2620 lug.
1238 2543 1320 2622 91,1.
1365 2541 1457 2600 scuta

271 2667 310 2710 ea
330 2646 502 2710 Numidica
522 2668 562 2710 ex
585 2649 680 2712 coriis
703 2647 770 2731 lug.
785 2653 866 2733 94η.
905 2669 945 2713 ne
969 2647 1132 2712 exlatere
1153 2669 1237 2714 nova
1257 2649 1457 2714 munimenta

269 2757 403 2822 madore
435 2758 676 2824 infirmarentur
705 2759 743 2824 fr.
765 2758 822 2839 Ill,
846 2763 895 2824 26.
949 2759 1035 2824 soliti
1063 2765 1193 2826 nectere
1224 2781 1265 2824 ex
1285 2759 1458 2825 viminibus

270 2890 349 2936 vasa
371 2871 515 2954 agrestia
534 2870 572 2934 fr.
594 2871 648 2952 IV,
673 2875 699 2934 l.

358 2988 407 3047 Ex
430 2981 561 3048 additur
583 2984 765 3049 nominibus
786 2983 887 3048 totius
914 2982 963 3048 rei
984 3004 1023 3047 ex
1044 3003 1109 3066 qua
1132 2973 1243 3066 aliqua
1261 3004 1339 3067 pars
1361 2982 1460 3048 sumi·

270 3100 325 3160 tur
348 3099 381 3160 et
401 3095 488 3159 idem
518 3093 679 3178 significat
692 3095 787 3178 ,quod
818 3095 985 3178 genitivus.
1037 3094 1214 3160 Notissima
1236 3095 1337 3160 verba
1362 3094 1460 3180 hujus

272 3207 519 3272 constructionis
535 3211 610 3270 sunt
625 3212 771 3288 deligere,
789 3213 934 3284 eximere,
949 3226 1078 3272 sumere.
1108 3207 1189 3272 Vide
1200 3206 1283 3272 haec
1294 3207 1460 3290 exempla:

274 3340 314 3384 ex
336 3318 399 3384 illis
421 3323 521 3383 testes
545 3318 790 3402 signatoresque
812 3318 912 3384 falsos
936 3318 1141 3383 commodare
1163 3317 1231 3383 Cat.
1250 3324 1327 3404 leg.
1362 3339 1461 3403 prae·

271 3439 364 3496 terea
387 3452 427 3496 ex
449 3430 592 3513 equestri
615 3429 727 3496 ordine
740 3430 782 3496 M.
795 3430 927 3496 Fulvius
952 3436 1001 3510 17,
1008 3471 1032 3514 4.
1069 3451 1109 3494 ex
1132 3451 1190 3494 suo
1212 3451 1347 3496 numero
1368 3430 1460 3513 lega·

271 3549 323 3609 tos
346 3543 389 3608 ad
409 3543 451 3608 M.
474 3543 596 3626 Regem
617 3543 718 3608 mittit
741 3548 822 3628 33,1.
853 3542 993 3608 Catilina
1014 3563 1055 3607 ex
1077 3542 1164 3607 omni
1187 3543 1281 3627 copia
1377 3542 1463 3607 duas

271 3656 414 3739 legiones
445 3654 586 3720 inst'tuit
615 3661 700 3741 56,1.
745 3656 846 3721 exiis
871 3655 1082 3738 magistratus
1114 3660 1147 3720 et
1172 3655 1309 3738 imperia
1405 3675 1463 3718 ca-

270 3768 390 3852 pienda
410 3767 568 3833 videntur.
600 3767 669 3851 Iug.
691 3772 751 3853 3,1.
796 3788 836 3832 ex
858 3767 931 3832 aliis
952 3767 1091 3850 negotiis
1114 3816 1121 3830 .
1141 3816 1148 3830 .
1171 3767 1318 3850 inprimis
1341 3787 1463 3850 magno

271 3881 346 3945 usui
368 3884 417 3944 est
438 3881 595 3944 memoria
624 3901 732 3945 rerum
759 3884 924 3964 gestarum
954 3886 1016 3966 4‚1.
1062 3884 1206 3944 ceterum
1240 3899 1280 3944 ex
1310 3878 1465 3944 omnibus

271 3992 412 4057 maxime
433 3996 523 4058 tutos
545 4012 615 4058 esse
645 3997 742 4078 ¹4ua·
787 4013 827 4058 ex
849 3991 998 4057 omnibus
1019 3991 1159 4057 maxime
1180 3991 1337 4058 Aemilius
1359 3990 1465 4056 Scau-

271 4111 435 4190 rus15‚4.
487 4125 527 4169 ex
556 4124 593 4169 eo
623 4125 757 4170 numero
792 4103 880 4169 Medi
901 4105 1020 4170 Persae
1053 4109 1101 4185 18,
1110 4144 1135 4189 4.
1180 4123 1221 4168 ex
1242 4102 1293 4167 his
1317 4152 1348 4166 ..
1379 4102 1466 4168 duos

276 4217 416 4283 maxime
437 4216 593 4300 impigros
617 4215 737 4300 delegit
767 4221 850 4303 23,2.
896 4237 936 4282 ex
965 4215 1077 4282 amicis
1102 4215 1338 4300 quinquaginta
1360 4214 1467 4280 vades

273 4329 432 4394 dederant
457 4334 507 4410 35,
517 4371 541 4416 9.
587 4349 627 4394 ex
650 4349 687 4394 eo
710 4349 844 4394 numero
880 4328 996 4394 cohors
1026 4349 1091 4394 una
1114 4333 1196 4414 38,6.
1240 4324 1297 4392 ubi
1318 4327 1468 4411 primum

274 4463 314 4506 ex
337 4440 508 4507 nobilitate
539 4441 661 4527 reperti
692 4447 768 4506 sunt
785 4446 888 4527 '41‚10.
933 4440 1020 4524 quod
1046 4461 1147 4524 genus
1170 4462 1210 4504 ex
1242 4438 1343 4522 copiis
1372 4440 1470 4522 regia

345 4554 563 4618 firmissimum
592 4558 663 4619 erat
685 4559 769 4640 56,2.
811 4553 960 4619 exomni
990 4553 1196 4617 multitudine
1226 4572 1289 4616 non
1320 4551 1470 4635 amplius
