3180 5276
612 471 828 532 ..65-

123 641 285 720 absolutis
306 653 407 720 veluti
436 652 525 739 apud
549 653 722 720 Gaesarem
752 653 827 720 bell.
857 653 931 738 gall.
953 659 1064 741 2„3„.
1095 653 1215 720 Caesar
1237 659 1314 720 cbri-

124 771 214 832 dibus
237 773 373 847 acceptis
388 771 501 846 primis
523 766 664 832 civitatis
695 771 794 850 atque
816 767 919 850 ipsius
942 765 1067 832 Galbae
1089 767 1176 850 regis
1198 771 1315 832 duobus

118 885 197 957 filiis
293 881 327 945 in
358 878 555 944 deditionem
585 879 774 944 Suessiones
805 880 940 965 accepit
972 878 1011 944 01.
1035 884 1113 965 ⁷³46·
1134 878 1209 944 bell.
1232 878 1315 944 civil.

124 999 153 1072 3,
162 1034 204 1078 31.
227 992 361 1057 Fischer
383 993 401 1078 ᾗ
424 997 474 1057 47.
520 990 723 1058 Gravitatem
745 991 797 1056 vel
818 991 1043 1057 difficultatem
1068 991 1315 1076 interpretandi,

123 1125 210 1188 qnae
228 1104 300 1169 fieri
329 1108 448 1188 potest,
480 1103 538 1170 ubi
561 1103 742 1187 complures
772 1103 908 1170 ablativi
926 1107 1115 1188 sequuntur,
1138 1102 1222 1188 fugit
1243 1103 1314 1169 Sal-

121 1217 251 1282 lustius.
305 1222 455 1294 Quattuor
490 1215 625 1282 ablativi
654 1215 807 1299 leguntur
828 1216 897 1300 lug.
922 1221 1009 1302 92„.
1031 1236 1096 1282 nuo
1115 1221 1315 1300 perangusto

123 1328 216 1394 aditu
246 1327 370 1394 relicto.
393 1335 477 1415 98,5.
508 1333 649 1411 utroque
690 1327 773 1393 collo
804 1326 1012 1394 multitudine
1046 1328 1246 1393 circumdato
1276 1327 1316 1392 1.

123 1443 179 1506 lli.
210 1446 261 1507 26.
291 1440 548 1507 redundantibus
579 1439 698 1506 cloacis
727 1440 863 1507 adverso
894 1437 988 1506 aestu
1025 1439 1143 1521 maris,
1183 1445 1318 1520 quicque

124 1554 192 1619 Cat.
217 1560 300 1639 46,2.
327 1553 360 1617 in
391 1554 532 1618 maximo
564 1553 685 1618 scelere
723 1553 824 1619 tantis
856 1553 978 1618 civibus
1008 1552 1217 1637 deprehensis
1247 1553 1316 1635 Ing.

125 1673 208 1752 94,5.
234 1665 365 1730 interim
388 1663 537 1730 omuibus
554 1665 707 1730 Romanis
728 1663 941 1748 hostibusque
967 1664 1092 1749 proelio
1110 1665 1243 1730 intentis
1257 1663 1316 1748 Ep.

125 1778 236 1843 Mithr.
267 1782 315 1842 16.
347 1798 447 1860 regno
479 1778 607 1860 integro
641 1778 722 1842 meis
752 1776 908 1842 militibus
940 1776 1017 1842 belli
1038 1775 1255 1861 prudentibus
1277 1776 1317 1840 fr.

125 1892 190 1955 Ino.
217 1895 287 1955 102.
309 1890 459 1954 maximis
492 1888 630 1954 ducibus
652 1889 791 1954 fortibus
813 1889 1018 1972 strenuisque
1042 1889 1207 1967 ministris,
1231 1888 1319 1971 quod

126 2000 302 2067 Diomedes
324 2023 355 2084 p.
378 2008 440 2066 447
465 2000 648 2085 exemplum
670 1999 892 2085 homoeoptoti
922 2000 1039 2066 attulit.
1084 2004 1204 2079 Septen
1227 1999 1318 2065 abla-

126 2115 183 2178 tivi
208 2118 340 2178 exstant
362 2112 450 2196 apud
475 2112 647 2178 Caesarem
679 2112 754 2178 bell.
777 2113 852 2197 gall.
876 2117 905 2192 4,
916 2152 975 2198 M.
1010 2111 1096 2177 omni
1118 2111 1180 2177 hoe
1202 2113 1318 2178 itinere

128 2248 194 2290 una
216 2231 313 2290 nocte
338 2225 485 2308 equitatu
507 2225 662 2291 confecto.

214 2337 323 2402 Unum
348 2342 475 2402 tanturn
505 2336 611 2402 locum
633 2337 749 2417 inveni,
781 2358 845 2421 quo
868 2358 930 2402 vox
953 2335 1063 2420 aliqua
1086 2337 1245 2402 enuntiati
1267 2358 1317 2402 re-

125 2450 262 2516 ferenda
293 2455 343 2514 est
379 2449 421 2514 ad
452 2448 629 2514 ablativum
663 2449 848 2514 absolutum
879 2447 947 2514 Cat.
979 2454 1062 2534 48,7.
1096 2469 1160 2532 quo
1190 2447 1318 2514 facilius

126 2562 292 2646 appellate
315 2561 431 2626 Crasse
450 2581 509 2645 per
533 2561 722 2626 societatem
743 2560 881 2645 periculi
903 2560 1046 2644 reliquos
1068 2560 1155 2626 illins
1171 2560 1318 2644 potentia

126 2679 261 2758 tegeret.
305 2673 354 2738 De
377 2674 525 2753 Caesare,
548 2674 604 2757 qui
626 2673 711 2738 hanc
731 2678 931 2740 structuram
955 2671 1065 2738 multis
1077 2672 1157 2738 locis
1173 2671 1317 2751 adhibet,

127 2785 238 2852 confer
260 2784 394 2850 Fischer
419 2788 436 2871 ᾖ
458 2790 509 2850 47.
555 2784 641 2850 Satis
662 2785 768 2851 habeo
792 2807 891 2850 unum
906 2784 1088 2870 exemplum
1112 2783 1264 2850 afferreb
1284 2783 1317 2849 ll.

127 2898 201 2981 gall.
226 2903 255 2978 6,
264 2939 338 2983 43„.
370 2898 490 2962 Caesar
513 2918 627 2962 rursus
649 2896 692 2961 ad
714 2897 878 2963 vexandos
899 2897 1009 2963 hostes
1021 2896 1187 2980 profectus
1200 2916 1318 2980 magno

128 3015 243 3075 coacto
264 3031 398 3075 numero
421 3029 461 3074 ex
482 3008 627 3074 finitimis
651 3008 836 3074 civitatibus
858 3009 892 3074 in
914 3029 1024 3075 ornnes
1046 3014 1157 3092 partes
1172 3009 1317 3074 dimittit.

213 3121 349 3186 Duobus
376 3120 473 3201 loeis,
509 3121 542 3185 iu
573 3121 691 3205 quibus
728 3121 931 3186 enuntiatum
966 3120 1138 3186 relativum
1172 3121 1319 3204 sequitur

127 3233 308 3298 ablativum
339 3232 541 3314 absolutum,
569 3235 721 3299 omissum
747 3239 797 3299 est
820 3232 1002 3318 subjeetum
1024 3231 1175 3315 ablativi;
1198 3232 1317 3298 subau-

126 3346 281 3411 diendum
313 3349 362 3409 est
389 3350 437 3410 iis.
468 3345 536 3428 lug.
561 3351 644 3430 58,1.
675 3350 821 3423 remissis,
853 3346 909 3428 qui
931 3345 964 3409 iu
985 3343 1149 3428 praesidio
1172 3349 1265 3410 erant
1286 3350 1319 3410 et

127 3457 236 3522 omnia
264 3458 367 3541 magis
396 3477 494 3540 quam
523 3457 682 3541 proelium
709 3455 980 3542 exspectantibus.
1004 3458 1070 3540 Ing.
1097 3461 1199 3543 106„
1229 3478 1319 3521 man-

127 3592 241 3636 surum
262 3570 371 3653 potius
395 3589 492 3652 quam
509 3575 657 3649 proditis,
678 3591 759 3653 quos
782 3567 931 3649 ducebat,
963 3569 1052 3654 turpi
1074 3568 1153 3653 luga
1174 3569 1319 3635 incertae

195 3683 282 3748 vitae
303 3687 471 3766 parceret3
495 3686 602 3746 exstat
624 3682 691 3765 lug.
717 3687 820 3768 101„.
853 3702 925 3746 eum
949 3680 1040 3746 Sulla
1064 3686 1243 3762 prostibulis
1269 3687 1318 3758 iis,

125 3815 209 3876 quos
231 3793 403 3859 adversum
433 3794 526 3874 ierat,
555 3793 683 3860 rediens
711 3793 752 3859 ab
779 3793 884 3858 latere
906 3793 1029 3858 Mauris
1052 3793 1198 3860 incurrit.
1373 3789 1375 3792 ’

214 3905 408 3989 Plerumque
425 3907 663 3991 conjunguntur
675 3906 738 3971 duo
750 3905 884 3972 ablativi
895 3904 1037 3970 absoluti
1050 3905 1276 3990 conjunctione
1290 3915 1319 3970 at

124 4017 167 4082 01.
180 4017 238 4101 Ep.
262 4017 371 4082 Mithr.
394 4023 442 4083 15.
465 4018 531 4101 lug.
553 4025 582 4098 5,
589 4059 614 4104 4·
632 4022 715 4103 35,1.
739 4017 778 4082 ir.
794 4017 818 4082 1.
836 4023 885 4084 74.
907 4017 963 4081 ΙΠ.
979 4022 1028 4083 31.
1051 4016 1170 4082 omissa
1187 4022 1236 4081 est
1249 4017 1318 4100 lug.

124 4135 204 4215 99,3.
235 4130 324 4194 nullo
348 4129 557 4196 subveniente
581 4131 700 4195 nostris
732 4129 938 4195 instantibus.
961 4129 1020 4213 Ep.
1044 4127 1156 4194 Mithr.
1186 4134 1235 4194 13.
1261 4128 1319 4194 ab·

122 4245 247 4307 noenta
270 4241 418 4324 Tigrane,
449 4242 505 4325 qui
527 4262 600 4307 mea
622 4241 710 4306 diota
734 4263 806 4307 sero
827 4241 956 4326 probat,
984 4247 1018 4306 te
1039 4245 1165 4306 remoto
1195 4240 1318 4327 procul,

123 4353 277 4418 omnibus
308 4353 380 4418 aliis
411 4353 568 4419 obnoxiis.
593 4359 641 4419 16.
672 4353 820 4438 Tigranis
840 4373 940 4437 regno
962 4354 1099 4436 integro,
1131 4353 1211 4418 meis
1236 4353 1318 4417 mili·

120 4465 215 4532 tibus
243 4465 321 4531 belli
355 4465 580 4550 prudentibus.
615 4465 654 4530 01.
679 4465 768 4532 Caes.
799 4465 874 4531 bell.
908 4463 983 4548 gall.
1007 4470 1118 4551 l,24.5.
1148 4464 1211 4548 ipsi
1244 4484 1319 4529 con-

122 4577 305 4643 fertissima
329 4579 397 4642 aeia
420 4579 543 4662 rejecto
566 4584 678 4644 nostro
700 4579 847 4661 equitatu
878 4576 1041 4661 phalange
1063 4575 1152 4642 facta
1172 4627 1178 4640 .
1196 4626 1223 4640 ..
1248 4597 1319 4642 suc-

1061 4683 1077 4734 b
