3180 5276
731 428 945 490 ..90-

334 617 479 678 Advertit
508 612 577 675 viee
608 611 754 692 fungitur
778 633 841 691 pro
875 611 942 693 lug.
968 616 1050 694 224.
1081 631 1187 692 neque
1215 616 1304 674 reete
1332 632 1439 694 neque

239 747 303 805 pro
334 730 410 790 bono
439 724 617 802 fauturum,
656 725 683 788 si
706 724 747 788 ab
773 724 848 808 jure
875 723 1018 804 gentium
1048 745 1119 788 sese
1149 722 1356 806 prohibuerit
1383 743 1441 802 „er

245 837 354 901 vviirtle
377 837 484 901 weder
504 835 598 901 recht
618 835 703 900 noch
726 840 784 920 gut
806 835 915 901 thun“.

793 1086 899 1157 Sine.

331 1225 534 1310 Praepositie
555 1231 622 1289 siue
639 1225 759 1308 legitur
776 1223 844 1290 Cat.
861 1230 922 1310 2‚1.
948 1231 1009 1310 8‚5.
1031 1229 1114 1310 2⁰27·
1139 1230 1188 1302 29,
1196 1267 1221 1310 3.
1249 1230 1328 1310 36‚2.
1354 1230 1439 1311 37‚3.

245 1345 327 1424 sap
352 1344 433 1424 40,2.
456 1341 575 1423 law.
599 1343 680 1422 rap
711 1337 778 1418 lug.
805 1341 1220 1422 14224·3¹‚s·4119·44=1·
1245 1341 1328 1420 sap
1353 1343 1439 1423 svp·

245 1456 327 1535 60,5.
360 1455 473 1536 62,3.6.
507 1456 586 1536 65,3.
618 1455 699 1534 74,1.
732 1455 816 1534 83‚1.
845 1454 927 1534 87‚2.
951 1454 1065 1534 92,1.9.
1090 1453 1172 1533 97,5.
1203 1453 1306 1532 103‚4.
1333 1454 1439 1535 106,1.

244 1562 297 1627 Or.
326 1563 407 1626 (lott.
433 1569 461 1627 5.
507 1561 565 1645 Ep.
589 1561 699 1644 Pomp.
722 1567 750 1626 3.
795 1560 848 1625 Or.
872 1561 979 1626 Maur.
996 1565 1046 1624 22.
1091 1559 1149 1644 Ep.
1179 1558 1360 1624 Mithrld.
1386 1566 1438 1626 16.

244 1673 282 1738 fr.
304 1675 329 1738 1.
354 1679 403 1739 53.
427 1679 477 1739 96.
522 1671 560 1737 fr.
582 1673 636 1738 IV.
658 1679 708 1736 42.
730 1678 780 1737 43.
805 1679 855 1738 45.
900 1672 938 1736 fr.
961 1673 1027 1736 luc.
1051 1677 1101 1737 88.
1123 1677 1173 1737 97.

331 1785 427 1850 Haud
450 1806 526 1849 raro
558 1790 625 1849 siue
654 1785 702 1848 ita
731 1807 804 1849 cum
835 1784 1038 1849 substantivo
1064 1783 1278 1867 conjungitur,
1309 1788 1435 1848 utnon

243 1896 386 1981 pendeat
416 1919 455 1961 ex
477 1897 576 1962 verbo
608 1896 665 1962 sed
696 1919 769 1961 oum
798 1917 855 1961 suo
879 1896 1007 1961 nomine
1038 1895 1081 1960 ad
1103 1895 1243 1960 alterum
1264 1916 1381 1960 nomeu
1404 1898 1438 1960 vi

244 2009 396 2093 adjectivi
410 2009 552 2092 negativi
566 2008 617 2074 vel
633 2009 764 2091 genitivi
781 2008 949 2090 qualitatis
964 2006 1134 2072 referatur.
1164 2007 1323 2090 Exempla
1339 2006 1439 2091 hujus

246 2121 396 2186 dictionis
417 2126 509 2186 suut:
530 2142 631 2203 genus
652 2121 819 2186 hominum
835 2125 964 2203 agreste
985 2125 1053 2184 siue
1076 2123 1202 2200 lepidae,
1225 2123 1293 2183 siue
1308 2123 1439 2197 imperio

245 2233 314 2297 Cat.
338 2239 399 2318 dl.
422 2255 559 2317 parvum
583 2254 640 2315 ego
662 2237 704 2311 te,
726 2232 893 2316 Iugurtha,
918 2233 1037 2296 amisso
1059 2237 1169 2316 patre,
1192 2235 1260 2294 siue
1282 2251 1345 2308 spe,
1368 2236 1440 2296 sine

244 2349 351 2422 opibus
381 2345 414 2408 in
443 2367 549 2408 meum
581 2366 715 2427 regnum
747 2345 858 2428 accepi
887 2344 955 2426 Iug.
984 2351 1065 2429 10‚1.
1103 2343 1206 2408 multa
1239 2340 1373 2406 castella
1403 2349 1441 2407 et

245 2455 366 2539 oppida
388 2463 510 2520 temere
533 2457 658 2522 munita
681 2461 739 2521 aut
759 2462 826 2520 sine
843 2461 1006 2535 praesidio
1030 2457 1118 2540 capit
1129 2454 1197 2537 lug.
1216 2461 1265 2533 54,
1275 2495 1299 2538 6.
1320 2459 1441 2536 postea

244 2567 362 2631 milites
393 2567 559 2650 palantes,
589 2569 747 2647 inermos,
778 2570 898 2652 quippe
926 2569 959 2633 iu
986 2568 1045 2633 tali
1075 2567 1127 2633 die
1157 2589 1196 2631 ao
1218 2571 1285 2630 sine
1306 2571 1439 2644 imperio

245 2679 480 2762 aggrediuntur
507 2681 576 2763 Iug.
610 2687 659 2760 66,
667 2723 691 2766 3.
723 2703 882 2746 convenas
912 2681 988 2746 olim
1016 2688 1083 2746 siue
1109 2685 1216 2755 patria
1237 2684 1439 2758 perentibus,

243 2795 336 2875 peste
359 2791 507 2856 conditos
530 2792 618 2857 orbis
639 2798 802 2858 terrarum
826 2793 885 2877 Ep.
908 2792 1017 2857 Mithr.
1043 2798 1091 2858 17.
1115 2813 1174 2856 nos
1197 2793 1350 2856 Armenia
1373 2793 1439 2856 eir·

246 2903 486 2986 cumgredimur
513 2906 689 2970 exercitum
712 2910 780 2969 siue
798 2913 956 2986 frumento
977 2911 1045 2970 siue
1067 2910 1204 2981 auxiliis,
1225 2904 1357 2969 fortuna
1378 2909 1441 2969 aut

244 3015 364 3079 nostris
386 3015 473 3081 vitiis
493 3016 601 3081 adhuc
622 3018 825 3082 ineolumem.
849 3017 907 3100 Ep.
930 3017 1054 3082 Mitthr.
1079 3022 1129 3080 21.

771 3281 910 3371 (llam.¹

328 3437 531 3521 Praepositio
561 3444 638 3502 elem
667 3461 826 3523 nusquam
853 3439 941 3524 apud
961 3440 1151 3505 Sallustium
1173 3440 1346 3519 invenitur,
1376 3440 1438 3505 ad-

243 3549 389 3615 verbium
413 3554 521 3614 exstat
541 3551 610 3633 Iug.
634 3557 715 3637 35‚9.
741 3559 841 3638 ldlffi.
867 3558 970 3638 106‚2.
994 3574 1081 3636 susp.
1098 3553 1167 3635 lug.
1191 3556 1272 3636 61‚4.

759 3835 915 3906 Coram.

335 3975 443 4036 Coram
479 3970 667 4038 adverbium
700 3978 749 4038 est
770 3973 809 4038 ir.
831 3975 884 4039 IV.
909 3980 958 4040 30.
987 3995 1097 4040 coram
1126 3995 1160 4040 se
1183 3973 1335 4039 daturum
1358 3995 1440 4056 ope-

244 4105 323 4162 ram,
346 4083 382 4147 id
403 4089 453 4148 est
475 4084 688 4166 „persiinlieu
712 4086 747 4150 in
769 4087 879 4168 eigner
899 4085 1050 4151 Person“.
1093 4085 1296 4170 Praepositio
1314 4085 1440 4168 legitur

244 4197 311 4278 lug.
335 4202 363 4273 9,
374 4235 398 4278 4.
423 4215 531 4260 eoram
555 4195 668 4261 amicis
689 4203 722 4262 et
743 4199 890 4288 cognatis
912 4198 1055 4281 itemque
1070 4197 1256 4263 Adherbale
1277 4201 1310 4260 et
1325 4197 1439 4262 Hiem-

243 4307 335 4391 psale
361 4307 444 4371 filiis.
467 4308 535 4389 lug.
564 4313 664 4392 loun.
687 4331 793 4392 pauca
816 4332 849 4374 se
873 4331 982 4374 coram
1006 4311 1130 4393 Aspare
1151 4310 1346 4375 locuturum.

335 4423 434 4484 Tenus
457 4419 545 4484 nullo
567 4419 639 4484 loeo
660 4421 748 4502 apud
773 4421 962 4486 Sallustium
983 4423 1100 4502 inveni,
1124 4427 1233 4487 exstat
1246 4421 1361 4499 fiueir.
1378 4421 1439 4488 111.

245 4536 294 4596 77.
317 4529 380 4596 fine
403 4529 579 4614 unguinum
600 4531 827 4616 ingrediuntur
847 4553 946 4596 mare.
980 4561 984 4568 ·
