3180 5276
629 456 845 516 -77-

710 639 755 711 E.

239 751 494 834 Praepositionis
531 750 637 816 forma
664 773 681 815 e
713 775 777 817 nou
814 752 935 836 legitur
975 754 1038 818 nisi
1076 753 1144 819 Cat.
1179 759 1261 840 61,8.
1314 775 1332 819 e

146 863 269 928 castris.
310 863 363 929 Or.
389 861 470 927 Phil.
503 868 531 928 3.
577 885 594 930 e
622 869 816 948 contempto.
850 863 888 928 f.
918 864 959 930 Π.
982 870 1031 932 53.
1077 865 1231 930 emuris.
1261 865 1330 931 (lat.

146 981 194 1055 48,
203 1015 228 1060 4.
271 995 289 1039 e
317 974 481 1059 periculo;
516 975 589 1040 aliis
620 975 768 1042 omnibus
798 976 879 1041 locis
913 975 1085 1042 Sallustius
1117 977 1252 1042 adhibet
1281 998 1329 1044 ex.

146 1093 194 1152 Ex
219 1087 381 1170 siguificat
405 1086 515 1152 multis
541 1087 623 1153 locis
652 1088 775 1154 exitum
804 1088 946 1172 aliquem
974 1093 1007 1154 et
1027 1088 1148 1154 dicitur
1181 1088 1221 1154 de
1245 1089 1332 1154 omni

145 1221 188 1279 re,
212 1219 296 1282 qnae
318 1200 351 1262 in
374 1199 483 1281 aliquo
504 1199 577 1264 loco
607 1198 715 1266 iuerat
736 1207 769 1266 et
790 1199 866 1265 inde
888 1200 963 1266 exit.
1009 1200 1162 1266 exauria
1183 1221 1330 1284 prorum-

144 1333 221 1396 pere
253 1311 321 1375 (lat.
351 1315 432 1396 321.
490 1331 530 1376 ex
562 1313 679 1377 castris
709 1311 876 1378 discedere
906 1316 955 1391 36,
966 1352 990 1397 5.
1047 1333 1087 1376 ex
1123 1312 1205 1378 urbe
1233 1314 1331 1396 profi-

145 1424 222 1489 cisci
248 1429 330 1508 44,2.
374 1443 414 1487 ex
445 1421 527 1489 urbe
557 1423 731 1508 profugere
762 1431 813 1505 46,
823 1465 848 1510 4.
897 1424 1008 1508 egredi
1037 1445 1077 1488 ex
1109 1429 1225 1490 senatu
1246 1431 1297 1504 49,
1305 1465 1330 1510 4.

146 1559 183 1600 ex
209 1535 305 1600 sociis
326 1535 361 1598 in
383 1539 493 1600 castra
522 1541 655 1602 venerat
677 1542 760 1622 56‚2.
805 1558 845 1602 ex
874 1535 955 1602 urbe
984 1535 1151 1621 praesidia
1179 1537 1332 1620 opperior

146 1653 229 1732 58‚4.
260 1668 278 1710 e
301 1647 416 1712 castris
439 1647 616 1731 procedere
640 1654 722 1734 61,3.
762 1668 803 1714 ex
824 1648 948 1734 proelio
969 1648 1143 1732 profugere
1165 1649 1330 1734 lug.13,4.

144 1758 353 1844 praecipitari
379 1781 420 1823 ex
444 1759 552 1843 patrio
580 1780 680 1844 reguo
713 1765 808 1848 14‚23.
854 1781 894 1826 ex
917 1761 1028 1826 Sicilia
1058 1761 1224 1826 transvehi
1247 1766 1297 1840 28,
1305 1802 1330 1846 6.

143 1891 221 1954 pars
244 1891 284 1935 ex
304 1870 432 1954 pacatis
453 1871 593 1956 praedas
615 1870 766 1955 agebant,
786 1872 820 1937 id
842 1877 893 1938 est
914 1893 954 1938 ex
975 1892 1055 1956 agro
1075 1878 1268 1955 pacatorum
1290 1871 1331 1936 cf.

145 2002 184 2047 ex
204 1983 300 2047 sociis
321 1983 442 2048 nostris
464 1983 622 2068 praedam
644 1989 777 2068 agentes
805 1984 873 2067 Iug.
897 1990 982 2070 88,3.
1024 2005 1064 2049 ex
1087 1983 1232 2050 hibernis
1257 2004 1330 2049 evo-

147 2115 222 2158 care
244 2095 312 2177 lug.
336 2099 420 2180 37,3.
464 2115 504 2159 ex
531 2095 659 2180 oppidis
687 2100 720 2161 et
747 2094 931 2180 mapalibus
963 2095 1142 2180 procedere
1164 2101 1247 2181 46‚5.
1290 2116 1330 2160 ex

144 2206 261 2271 caetris
274 2206 444 2272 subvenire
468 2213 568 2293 54‚10.
592 2229 632 2273 ex
646 2207 792 2274 hibernis
809 2227 974 2274 arcessere
995 2213 1076 2294 62‚4.
1106 2229 1146 2274 ex
1155 2212 1330 2292 conspectu

144 2318 340 2404 abiretss,1.
393 2319 530 2384 collecta
560 2341 601 2386 ex
627 2319 767 2404 tuguriis
794 2320 1009 2386 Numidarum
1040 2326 1122 2405 75,4.
1168 2320 1331 2403 conquirit

145 2451 186 2495 ex
208 2432 296 2514 agris
319 2437 402 2516 75,4.
431 2432 501 2516 ipse
524 2453 565 2498 ex
586 2431 718 2497 flumine
741 2482 771 2496 ..
790 2433 939 2516 jumenta
958 2438 1074 2498 onerat
1096 2439 1178 2518 75,6.
1211 2453 1251 2496 ex
1273 2451 1329 2515 op·

141 2543 219 2625 pido
241 2543 386 2628 profugit
409 2549 492 2629 76,1.
523 2544 625 2628 legati
647 2564 688 2608 ex
711 2543 830 2628 oppido
859 2544 954 2628 Lepti
978 2549 1061 2629 77,1.
1099 2565 1139 2610 ex
1160 2544 1255 2610 Latio

142 2655 250 2720 accire
272 2661 358 2742 84‚2.
409 2675 515 2739 neque
547 2675 587 2722 ex
616 2654 775 2722 elassibus
806 2655 887 2741 (scil.
910 2655 1029 2721 milites
1059 2656 1216 2741 scribere)
1245 2660 1328 2741 86,2.

141 2787 183 2832 ex
203 2767 297 2832 Latio
329 2787 444 2851 cogere
467 2775 551 2854 95,1.
594 2789 634 2834 cx
655 2766 799 2834 tenebris
829 2773 862 2833 et
890 2767 1079 2834 editioribus
1110 2768 1190 2834 locis
1219 2766 1329 2832 facilia

140 2880 213 2945 visu
236 2885 319 2964 98‚7.
365 2881 543 2945 excestria
567 2879 658 2945 abire
683 2886 788 2966 107,2.
830 2901 870 2944 ex
890 2879 1016 2945 insidiis
1038 2879 1202 2944 invaditur
1226 2884 1328 2964 1¹3ac·

139 3013 182 3056 ex
207 2991 358 3056 citeriore
381 2991 540 3075 Hispania
563 3013 728 3057 arcessere
750 2991 788 3056 fr.
811 2992 834 3056 l.
859 2997 907 3058 69.
954 3012 994 3056 ex
1013 2991 1125 3056 Sicilia
1146 2990 1328 3075 profectum

136 3104 180 3168 II.
207 3108 235 3168 3.
281 3108 410 3168 taurum
434 3125 475 3170 ex
497 3123 594 3188 grege
616 3103 725 3170 ierunt
742 3104 782 3168 II.
806 3110 834 3170 8.
879 3124 919 3169 ex
940 3102 1137 3168 Mauritania
1160 3152 1186 3167 ..
1208 3123 1328 3185 genera

137 3216 182 3280 11.
206 3219 257 3280 23.
302 3237 342 3279 ex
365 3214 563 3282 Mauritania
584 3237 643 3282 rex
665 3217 799 3281 miserat
819 3215 860 3280 ll.
883 3221 933 3282 25.
978 3236 1019 3280 ex
1040 3214 1193 3300 Bithynia
1214 3235 1327 3279 accur·

135 3348 215 3392 rere
238 3327 278 3392 Il.
302 3333 353 3392 48.
398 3349 438 3405 ex
467 3327 591 3411 proelio
623 3328 705 3412 (scil.
728 3328 849 3414 redire)
876 3328 916 3393 II.
937 3333 986 3394 64.
1030 3325 1264 3410 praedantibus
1288 3347 1328 3392 ex

132 3443 324 3524 propinquo
344 3439 383 3504 fr.
406 3440 461 3504 ΠΙ.
486 3441 584 3504 670⁰.
605 3460 646 3504 ex
667 3439 739 3505 loco
760 3439 892 3504 trahere
913 3439 969 3505 111.
986 3445 1025 3504 67
1034 3439 1105 3504 (VH).
1137 3460 1177 3504 ex
1199 3438 1326 3503 occulto

117 3529 274 3616 ⁴trabere
296 3552 352 3616 Ill.
374 3552 493 3617 67ll¹¹l
526 3573 566 3617 ex
589 3552 724 3616 sarcinis
745 3551 977 3636 paludamenta
1000 3555 1112 3616 extare
1134 3551 1173 3615 fr.
1196 3550 1252 3614 III.
1277 3556 1326 3615 70.

128 3664 324 3730 Accedunt:
369 3683 410 3728 ex
442 3663 536 3729 libris
558 3664 688 3729 Punicis
715 3664 925 3747 interpretari
954 3663 1022 3746 lug.
1048 3669 1129 3748 17‚7.
1174 3684 1214 3727 ex
1234 3661 1327 3728 libris

128 3775 305 3860 Sibyllinis
340 3796 474 3859 regnum
504 3777 625 3840 Romae
652 3774 757 3841 tribus
779 3775 935 3841 Corneliis
964 3775 1115 3858 portendi
1148 3774 1216 3839 Cat.
1239 3780 1289 3854 47,
1302 3815 1326 3860 2.

124 3909 236 3972 quem
267 3907 365 3970 saepe
395 3907 435 3952 ex
463 3887 619 3972 prodigiis
646 3887 835 3971 haruspices
858 3887 1102 3972 respondissent
1132 3885 1219 3951 bello
1242 3886 1327 3950 civili

123 4005 309 4066 cruentum
333 3998 402 4064 fore
425 3999 493 4064 Cat.
516 4006 597 4086 47‚2.

225 4113 331 4178 Notus
354 4117 404 4176 est
425 4133 503 4178 usus
524 4112 589 4191 ille,
612 4132 677 4195 quo
700 4113 886 4196 exponitur
908 4111 950 4176 ad
964 4110 1197 4194 designandum
1220 4109 1325 4175 locum

116 4227 157 4291 in
183 4246 257 4308 quo
281 4224 404 4307 aliquid
426 4222 472 4287 fit.
516 4245 556 4288 ex
580 4231 681 4290 altera
702 4235 798 4302 porte
825 4224 858 4289 G.
881 4225 1039 4289 Antonius
1135 4223 1177 4288 M.
1197 4223 1325 4287 Petreio

114 4339 247 4421 legato
270 4335 447 4400 exercitum
477 4336 643 4419 permittit,
667 4335 735 4400 Cat.
760 4343 841 4420 59,4.
887 4357 927 4400 ea
949 4339 1096 4400 lateribus
1120 4341 1245 4400 ceteros
1270 4355 1326 4417 ag-

112 4450 286 4535 greditur
312 4452 473 4533 Cottum.
504 4469 579 4512 uam
594 4448 708 4532 procul
723 4455 755 4511 et
779 4454 909 4512 diuersis
931 4470 971 4512 ex
992 4453 1170 4527 regionibus
1190 4447 1228 4510 fr.
1247 4448 1285 4510 ll.
1296 4454 1324 4512 8.

112 4565 184 4630 sed
216 4584 260 4624 ex
281 4565 435 4624 eorrectio
459 4561 552 4642 quasi
575 4560 665 4624 collis
689 4560 856 4624 oriebatur
883 4561 950 4642 lug.
974 4565 1058 4645 48,3.
