3180 5276
748 398 964 456 -72-

351 587 560 659 firmaturam,
597 604 663 665 qua
700 583 772 664 quis
799 582 978 648 instructus
1013 587 1062 647 est
1092 583 1254 667 significat
1288 605 1354 648 cura
1382 585 1454 667 lug.

267 701 369 781 105,2.
393 698 565 780 praeterea
596 694 664 759 iere
687 694 850 778 sagittarii
874 699 908 758 et
932 693 1047 760 cohors
1069 695 1224 780 Paeligna
1253 718 1320 761 cum
1348 701 1455 762 selita-

263 811 350 872 ritus
379 811 490 888 ermis,
519 805 646 871 itineris
676 805 874 892 properandi
904 827 1017 886 causa3
1048 812 1252 872 aestimantem
1279 807 1347 873 Cat.
1369 813 1454 894 222.

263 919 333 1002 ipse
356 939 424 983 cum
447 925 505 984 telo
527 938 605 984 esse.
639 917 679 984 cf.
702 918 770 984 Get.
793 923 844 997 49,
851 958 876 1002 4.
912 923 949 982 ut
978 937 1076 1001 grege
1107 917 1195 984 iacto
1225 941 1292 984 cum
1321 925 1386 985 telis
1408 920 1455 984 ad

264 1051 335 1096 sese
356 1030 575 1114 irrumperent
593 1030 662 1096 Cat.
686 1037 768 1115 50‚2.

348 1141 515 1208 Interdum
537 1143 669 1226 ponitur
699 1163 765 1206 cum
786 1141 821 1206 in
842 1140 1041 1224 designando
1063 1163 1109 1222 ec,
1136 1142 1223 1226 quod
1244 1165 1302 1208 vas
1321 1143 1454 1226 aliquod

264 1254 408 1320 continet
430 1253 469 1320 cf.
493 1255 561 1320 Cat.
585 1261 668 1340 4⁶³⁶·
696 1253 849 1318 Flaccum
870 1259 1057 1337 praetorem
1078 1259 1226 1320 scrinium
1247 1277 1314 1320 cum
1333 1261 1451 1336 littaris,

264 1387 347 1450 quas
370 1387 390 1431 a
412 1366 530 1450 legatis
552 1369 738 1450 acceperat,
762 1365 876 1430 eodem
901 1363 1019 1430 afferre
1038 1365 1141 1450 jubet.

350 1478 537 1545 Formulam
559 1499 652 1560 „cum
675 1477 814 1562 imperio.
836 1483 926 1542 esse“
949 1476 1095 1544 imitatus
1119 1483 1168 1543 est
1189 1477 1361 1545 Sallustius
1382 1481 1450 1564 lug.

265 1597 347 1678 5⁰22·
372 1591 442 1675 ipse
465 1612 532 1656 cum
553 1590 703 1669 sinistrae
723 1589 795 1655 alae
819 1593 968 1669 equitibus
987 1609 1066 1654 esse.
1110 1611 1225 1656 curare
1245 1612 1312 1656 cum
1333 1592 1451 1676 legitur

263 1703 331 1788 lug.
356 1709 439 1789 46η.
463 1725 536 1770 cum
558 1702 721 1785 equitibus
743 1700 890 1767 curabat.
912 1701 981 1784 Iug.
1004 1707 1108 1787 100,2.
1153 1702 1244 1768 Sulla
1270 1725 1342 1769 cum
1363 1705 1451 1787 equi·

262 1819 336 1882 tatu
359 1815 446 1900 apud
467 1815 644 1896 dextimos,
675 1815 709 1878 in
730 1814 862 1879 sinistra
891 1817 986 1897 parte
1015 1813 1051 1877 A.
1074 1813 1215 1880 Manlius
1245 1837 1318 1880 cum
1346 1815 1449 1882 fumdi-

262 1927 389 1994 toribus
413 1932 446 1994 et
469 1926 657 2012 sagittariis,
681 1930 854 2011 praeterea
877 1925 1019 1990 cohortis
1042 1924 1197 2008 Ligurum
1220 1926 1366 1993 curabat.

349 2040 495 2124 Operose
517 2039 672 2123 cogitatio
694 2042 728 2103 et
748 2038 912 2122 reputatio
934 2037 1029 2121 quasi
1050 2039 1278 2104 commercium
1300 2045 1362 2120 est,
1387 2061 1448 2124 quo

264 2151 335 2237 quis
366 2173 439 2219 cum
469 2151 576 2216 animo
604 2171 662 2216 suo
690 2151 761 2234 ipse
792 2149 931 2215 consulit
957 2153 990 2214 et
1010 2149 1192 2233 reputando
1215 2151 1291 2234 agit.
1336 2152 1449 2236 Itaque

262 2263 536 2350 praepositionem
559 2284 626 2328 cum
649 2263 854 2347 conjunctam
875 2261 1012 2345 legimus
1035 2283 1108 2328 oum
1129 2263 1254 2328 verbis:

347 2385 513 2458 reparare:
543 2374 720 2441 sententias
750 2373 978 2440 nonnullorum
1007 2373 1078 2457 ipse
1107 2395 1222 2440 mecum
1244 2381 1360 2460 reputo
1384 2378 1447 2443 Cat.

264 2493 347 2576 522.
378 2489 411 2554 in
434 2488 500 2554 otio
523 2487 648 2554 facinus
680 2509 774 2554 suum
797 2508 864 2552 cum
893 2491 992 2551 animo
1024 2490 1179 2570 reputans
1200 2487 1269 2571 Ing.
1291 2494 1339 2568 13,
1347 2529 1372 2574 5.
1401 2511 1448 2554 re·

262 2605 394 2686 putaret
422 2621 489 2666 cum
518 2605 618 2666 animo
647 2621 702 2664 suo
723 2599 792 2682 Iug.
817 2604 900 2684 70,5.
928 2602 1079 2682 reputate
1108 2619 1175 2663 cum
1204 2601 1448 2666 animisnostris

262 2712 330 2796 Iug.
353 2717 453 2798 85,10.

348 2830 484 2889 volvere:
504 2821 608 2888 multa
628 2822 698 2908 ipse
721 2843 822 2890 secum
843 2821 973 2887 volvens
995 2821 1062 2887 Cat.
1092 2827 1174 2908 32,1.
1198 2823 1237 2888 ci.
1253 2825 1321 2908 Iug.
1346 2831 1445 2910 113,1.

262 2935 365 3004 multa
387 2957 454 3002 cum
477 2940 576 3002 animo
596 2958 652 3001 sao
675 2934 825 3001 volvebat
844 2935 912 3018 lug.
937 2940 997 3019 6,2.
1029 2933 1231 3018 multumque
1261 2958 1328 3001 com
1351 2942 1446 3002 aalma

264 3068 322 3115 suo
347 3049 475 3116 volvere
497 3048 626 3116 solitum
650 3052 754 3133 108‚3.

349 3167 488 3244 agitare:
512 3179 613 3226 secum
635 3160 705 3244 ipse
727 3159 863 3226 multum
891 3157 1064 3240 agitavisse
1086 3158 1154 3242 Iug.
1181 3163 1252 3240 113,
1259 3201 1284 3246 3.

350 3279 490 3340 trahere:
516 3273 631 3338 anxius
652 3272 784 3338 trahere
805 3292 870 3336 cum
895 3275 994 3336 animo
1016 3291 1071 3334 sco
1094 3270 1163 3354 lug.
1186 3275 1268 3357 93,1.

348 3391 478 3453 tabere:
502 3389 601 3470 atque
624 3385 771 3450 camodo
788 3405 855 3448 cum
869 3388 969 3448 naimo
991 3381 1122 3463 habere,
1146 3383 1263 3466 quibus
1284 3384 1446 3468 Hiempsal

262 3520 322 3586 per
344 3499 453 3565 dolum
476 3502 648 3582 caperetur
670 3498 738 3582 lug.
764 3503 845 3582 ll,3.

348 3611 516 3678 Actionem
540 3630 740 3677 communem
763 3613 946 3694 spectamus
966 3608 1000 3672 in
1022 3607 1141 3688 verbis,
1163 3630 1247 3692 quae
1269 3609 1447 3693 significant

264 3723 405 3790 amioum
427 3721 579 3789 infestum
602 3722 653 3789 vel
676 3722 849 3788 inimicum.
872 3721 963 3785 Haec
985 3724 1103 3803 regunt
1116 3722 1403 3805 praepositionem:

348 3840 523 3902 inimicitius
547 3853 714 3902 exercere:
739 3855 812 3900 cum
833 3833 889 3899 illo
912 3852 1026 3916 graves
1047 3832 1233 3900 inimicitias
1256 3834 1448 3901 exercebant

263 3947 331 4016 Oet.
354 3953 405 4029 49,
415 3989 438 4035 ῃ.

349 4065 457 4126 hellam
483 4081 608 4142 perere:
647 4081 720 4126 cum
748 4079 824 4144 rege
853 4059 1155 4145 PerseCat.51,5.
1187 4079 1259 4125 cum
1290 4058 1446 4146 opulentis

262 4171 395 4256 regibus
418 4171 486 4237 Cet.
510 4177 594 4258 53,3.
619 4193 691 4238 oum
713 4171 872 4256 Iugurtha
893 4171 961 4254 lug.
989 4178 1049 4256 5‚1.
1075 4176 1159 4256 73‚7.
1183 4175 1282 4256 85,10,
1309 4178 1377 4251 110,
1387 4213 1408 4257 ἵ.

350 4287 457 4350 tellum
488 4305 626 4350 sumere:
668 4305 740 4349 cum
780 4303 856 4366 rege
893 4282 1107 4348 Macedonum
1144 4282 1294 4366 Philippo
1331 4284 1444 4350 bellum

263 4415 429 4481 sumpsere
451 4395 508 4480 Ep.
530 4395 639 4461 Mithr.
664 4402 691 4462 5.

350 4512 456 4574 tellum
473 4527 595 4588 ponere
637 4508 758 4574 bellum
781 4528 878 4592 greve
899 4529 971 4572 eum
993 4507 1127 4572 Etruria
1148 4507 1187 4572 f.
1208 4508 1233 4572 I.
1257 4514 1285 4573 9.
