3180 5276
676 467 895 530 ..37-

266 654 454 730 praeditur:
488 650 546 733 qui
572 671 683 733 maeno
712 655 840 732 imperio
873 651 1016 736 praediti
1044 653 1113 718 θεῖ.
1143 661 1240 741 51η..

265 769 381 842 plener
403 760 553 829 omnibus
580 761 661 828 locis
691 763 899 848 conjunctum
920 768 970 829 est
992 785 1066 832 cum
1085 771 1233 846 qenitieo:
1266 773 1379 848 necitis·

183 877 253 960 lug.
277 881 375 960 38‚,0.
405 878 557 940 taminiam
584 875 653 958 lug.
683 881 767 962 46,5.
796 881 865 956 spei
894 879 992 942 bonae
1012 876 1082 961 lug.
1112 883 1181 958 113,
1189 921 1214 965 3.
1249 883 1379 946 tostum

184 987 239 1052 Or.
263 987 345 1054 θοῖῖ.
369 992 397 1052 7.
421 985 592 1053 Ablativus
625 985 746 1070 legitur
773 987 861 1071 apud
895 991 1071 1054 Ciceronem
1100 989 1142 1056 ad
1170 990 1237 1056 Att.
1267 997 1378 1077 3„4„.

184 1101 277 1164 Verr.
314 1105 390 1185 4³⁶7·
425 1119 475 1184 pr.
503 1099 584 1164 Sest
618 1102 666 1166 10.
720 1099 808 1184 apud
840 1103 1002 1166 Gaesarem
1036 1099 1112 1166 bell.
1145 1101 1229 1167 civil.
1269 1110 1377 1188 ΜΝ.

184 1211 273 1296 apud
295 1215 412 1275 livium
442 1218 519 1298 5,2,.
551 1216 617 1296 7,23
640 1215 701 1276 etc.
747 1210 787 1276 cl.
812 1212 959 1296 Draeger
980 1233 1011 1296 p.
1032 1219 1103 1280 559.

230 1342 233 1348 ’
272 1329 425 1403 repletus:
448 1322 640 1408 subjunctus
663 1326 713 1388 est
735 1322 897 1390 ablativus
919 1323 958 1388 fr.
981 1324 1046 1389 Ine.
1073 1329 1123 1390 26.
1157 1324 1283 1410 repleta
1300 1348 1379 1392 arva

183 1438 361 1500 cultoribus.

272 1551 519 1612 instrumentalis
541 1551 715 1630 praeterea
738 1546 766 1610 is
787 1551 837 1611 est
853 1546 1024 1627 ablativus,
1047 1548 1103 1631 qni
1119 1548 1267 1633 sequitur
1278 1549 1379 1616 verba

182 1665 324 1740 euadere
355 1663 388 1722 et
409 1663 523 1725 laeteri
551 1663 585 1724 et
606 1658 803 1744 adjectivum
825 1664 940 1724 luetur:
974 1659 1062 1744 quod
1089 1660 1186 1727 homo
1215 1661 1378 1728 inaniret

183 1771 296 1854 regiae
318 1769 491 1855 superbiae
513 1775 641 1850 imperio
662 1770 758 1836 nimis
781 1770 940 1854 gauderet
960 1771 1029 1854 Iug.
1053 1777 1133 1858 64„.
1164 1793 1229 1856 quo
1251 1772 1306 1840 ille
1327 1780 1378 1839 de·

183 1889 411 1948 honestamento
430 1882 575 1967 corporis
596 1881 786 1948 laetabatur
806 1881 844 1948 ir.
867 1883 891 1947 l.
916 1889 965 1948 55.
1010 1882 1091 1948 Aliis
1118 1883 1199 1949 locis
1230 1885 1379 1968 sequitur

184 2000 397 2060 accusatives:
420 2015 460 2060 ea
481 1994 621 2078 populus
644 1993 762 2060 laetari
784 1998 818 2059 et
837 1993 953 2060 merito
977 1993 1169 2061 dicerefieri
1194 1995 1262 2062 θεῖ.
1276 2000 1377 2083 5189.

182 2108 218 2172 id
239 2106 444 2172 imminutum
473 2105 560 2190 quod
591 2107 692 2172 ceteri
715 2111 820 2172 dolere
847 2105 954 2172 solent
976 2127 1036 2190 ege
1060 2112 1159 2173 laetor
1180 2107 1249 2191 Iug.
1273 2114 1377 2195 110‚3.

181 2218 371 2286 laetandum
392 2218 497 2302 magis
520 2239 618 2302 quam
634 2217 806 2284 dolendum
831 2237 940 2284 casum
956 2224 1050 2284 tuum
1071 2218 1139 2302 Ing.
1165 2224 1262 2306 14‚22.
1283 2221 1379 2303 quasi

183 2331 296 2396 dolans
320 2331 389 2416 ejus
411 2351 523 2396 casum
544 2329 612 2395 Cat.
636 2335 722 2415 40,2.
766 2329 971 2414 Praepositio
993 2351 1058 2411 pro
1080 2336 1187 2397 exstat
1206 2331 1275 2416 lug.
1300 2338 1376 2419 3a‚,.

183 2443 294 2508 dolere
316 2463 377 2527 pro
399 2441 504 2526 gloria
525 2441 652 2525 imperi

272 2575 348 2620 ecce
378 2559 486 2620 autem
516 2575 555 2618 ex
580 2551 755 2637 impreviso
789 2551 967 2636 Iugurtha,
1008 2559 1207 2620 intoleranda
1232 2560 1377 2633 audacie,

180 2674 300 2732 scelere
329 2673 428 2750 atque
456 2669 603 2744 superbia
632 2685 703 2730 sese
727 2671 869 2745 cesareae
897 2666 1074 2752 Iug.14„.

269 2779 341 2845 Hoc
361 2780 433 2844 loce
456 2799 530 2843 mea
551 2756 689 2861 quidem
705 2777 867 2842 sententia
889 2776 1087 2844 nominanda
1117 2783 1193 2845 sunt
1215 2779 1378 2864 adjectiva

182 2898 296 2971 diruas
316 2896 350 2957 et
370 2897 525 2972 indiqner.
569 2889 661 2954 Haec
679 2886 783 2954 habes
800 2889 964 2973 exempla:
988 2895 1118 2970 diensis:
1140 2896 1285 2956 memoria
1307 2892 1376 2956 θεῖ.

179 3010 246 3090 4„.
277 3003 355 3086 quid
379 3024 413 3067 re
440 3002 573 3086 dignum
603 3001 690 3066 ieret
718 3000 787 3066 θεῖ.
820 3005 903 3087 51„
937 3007 1015 3068 deno
1044 3002 1112 3068 θεῖ.
1138 3009 1188 3083 54,
1197 3043 1221 3088 4·
1243 3007 1377 3068 moribus

179 3122 335 3196 factisque
364 3121 429 3180 suis
458 3115 526 3180 Cat.
550 3120 637 3200 55„
661 3123 691 3178 te
719 3117 818 3197 atque
851 3135 907 3178 aee
935 3135 991 3178 sue
1020 3112 1195 3180 Masinissa
1221 3116 1289 3198 lug.
1313 3123 1375 3200 9,2.

178 3249 275 3308 seque
305 3233 425 3308 illisque
447 3228 515 3309 lug.
534 3230 619 3311 21,4.
647 3230 797 3305 ampliore
818 3226 887 3310 Iug.
912 3229 994 3312 ea,
1016 3247 1123 3307 meque
1144 3229 1287 3307 vobisque
1307 3228 1375 3309 lug.

182 3347 289 3427 110‚,.
317 3345 437 3404 nomine
461 3339 514 3404 Or.
542 3337 623 3403 Phil.
647 3344 676 3404 8.

268 3458 432 3532 ἐπείρηκε·
457 3456 508 3516 illo
523 3457 640 3516 tenere
661 3450 729 3533 Ing.
751 3455 801 3529 63,
810 3489 833 3535 7.
856 3453 1036 3529 republica
1052 3449 1105 3515 Or.
1121 3449 1202 3515 Phil.
1220 3456 1247 3515 5.
1292 3454 1374 3514 echis

179 3571 329 3646 nobisque
349 3574 380 3628 et
400 3585 437 3628 re
454 3561 656 3642 pretiosor.
680 3560 763 3626 θοῖῖ.
789 3567 818 3626 8.
863 3565 1000 3626 Romnae
1021 3567 1149 3643 imperio
1171 3560 1210 3627 fr.
1228 3562 1268 3626 II.
1291 3567 1341 3640 23,
1348 3602 1373 3647 5.

183 3682 365 3756 Geneatae,
404 3697 500 3758 quem
529 3674 586 3740 alii
613 3674 790 3758 scriptores
822 3673 987 3740 interdum
1016 3694 1089 3739 cum
1119 3672 1171 3740 his
1205 3673 1402 3759 adjectivis.

179 3789 382 3874 conjungunt
403 3787 491 3852 nullo
514 3786 586 3852 loco
606 3785 777 3852 iuvenitur.

267 3901 345 3966 Veri
372 3899 476 3964 simile
506 3903 556 3965 est
578 3897 768 3964 Sallustium
797 3897 846 3969 uti
869 3897 1042 3963 Caesarem
1072 3897 1112 3962 cf.
1134 3897 1268 3964 Fischer
1291 3900 1308 3983 ξ
1332 3903 1372 3964 29

175 4011 316 4080 verbum
338 4017 493 4090 confidere
514 4011 710 4097 conjungere
731 4031 804 4075 cum
831 4009 973 4075 ablativo
996 4009 1217 4090 instrumenti,
1242 4009 1299 4074 ubi
1321 4031 1373 4074 res

172 4125 403 4204 nominantur,
432 4123 488 4188 ubi
514 4143 673 4202 personae
696 4143 769 4188 eum
793 4126 903 4188 dativo.
947 4121 998 4186 Ex
1020 4121 1185 4206 exemplis,
1217 4141 1301 4206 quae
1323 4121 1371 4186 in·

171 4238 254 4302 veni
275 4236 416 4302 discerni
438 4255 503 4300 non
523 4240 647 4319 petest:
670 4241 718 4300 tis
740 4239 846 4299 amicir
866 4239 1019 4314 sociisque
1042 4233 1181 4300 confisus
1206 4233 1275 4300 Cat.
1290 4239 1338 4312 16,
1346 4272 1370 4317 4.

169 4356 231 4419 dis
252 4352 470 4416 immortaliter
500 4345 613 4413 confisi
644 4346 712 4412 θεῖ.
737 4352 833 4432 tim.
861 4349 968 4426 opibus
991 4350 1056 4412 sais
1078 4346 1145 4430 lug.
1169 4351 1251 4430 83,1.
1279 4344 1373 4409 Dati-

163 4485 240 4532 vns
265 4464 374 4528 exstat
392 4461 461 4543 lug.
487 4465 557 4539 112,
570 4499 594 4545 2.
618 4457 675 4525 sed
694 4461 796 4524 Mario
818 4477 935 4542 parum
956 4457 1067 4524 fidere.

270 4579 412 4655 diffidere
434 4592 562 4655 semper
583 4575 703 4638 emaus
725 4569 917 4656 subjunctus
938 4575 1004 4636 est:
1027 4568 1187 4636 diffidenti
1200 4572 1292 4634 rebus
1306 4574 1371 4634 sectr
