3180 5276
633 471 849 544 -‚-41-

147 662 230 741 ¹0³1·
264 657 319 738 qni
341 655 454 740 populi
485 654 622 721 Romani
656 659 763 735 opibus
794 660 943 721 creverat
975 655 1043 722 Cat.
1067 661 1118 736 51,
1125 697 1150 742 ᾖ.
1187 664 1265 722 molo
1287 656 1337 722 rei

142 767 296 852 publicae
326 767 396 832 Cat.
420 773 469 848 51,
476 809 517 854 32.
551 768 610 833 sed
635 773 780 832 momoria
813 773 1114 852 rerumgestarum
1143 789 1215 834 eam
1244 767 1336 834 flam·

143 901 232 946 mam
328 899 475 945 crescere
495 880 563 963 lag.
584 885 613 960 4,
623 921 647 966 6.
678 885 845 945 concordia
870 899 992 964 parvae
1020 900 1074 946 res
1097 885 1248 946 crescunt
1267 880 1336 964 ing.

146 997 229 1077 10,6.
281 991 525 1077 Praepositione
552 1012 615 1072 per
642 992 747 1058 utitur
775 990 949 1058 Sallustius
972 992 1042 1076 Ing.
1081 997 1130 1072 14,
1140 1031 1164 1078 7.
1201 1011 1337 1076 regnum

137 1125 204 1184 por
225 1104 331 1170 scelus
354 1125 509 1172 crescere.

163 1265 169 1274 .
231 1221 388 1282 mactari:
416 1221 530 1282 inertia
553 1220 587 1282 ct
607 1220 732 1282 mollitia
758 1214 858 1282 animi
879 1216 965 1282 alius
986 1216 1088 1282 alium
1110 1221 1337 1301 exspectantes

144 1329 343 1394 cunctamini
364 1329 432 1395 (lat
456 1333 555 1414 5228.

233 1444 361 1507 debere:
391 1440 478 1524 qnod
501 1441 530 1506 is
551 1439 705 1525 privatim
735 1446 864 1523 apronia
884 1444 1067 1506 liberalitate
1088 1439 1219 1524 publice
1240 1444 1337 1504 mani·

142 1557 201 1616 mis
222 1557 399 1619 munodbus
422 1552 578 1637 grandem
598 1553 771 1638 pecuniam
792 1552 935 1619 debebat
954 1553 1023 1618 Cat.
1046 1557 1097 1633 49,
1103 1595 1129 1639 3.

233 1663 412 1746 delinquere
420 1693 430 1728 .·
456 1665 484 1730 ei
506 1664 585 1748 qnid
607 1670 774 1731 iracundia
797 1665 962 1749 deliquere
983 1665 1051 1730 (lat.
1075 1668 1173 1752 blm.

232 1781 347 1843 dilabi:
381 1782 540 1844 discordia
572 1777 733 1843 maximae
760 1797 813 1842 res
835 1776 1024 1843 dilabuntur
1044 1777 1105 1860 Ing
1128 1782 1209 1861 10,6.
1233 1776 1336 1842 omnis

142 1888 267 1953 invidia
290 1893 490 1968 prolatandis
517 1893 789 1955 consultationibus
817 1888 945 1972 dilapsa
971 1888 1058 1954 foret
1078 1888 1145 1972 Ing.
1170 1894 1253 1973 27,2.
1286 1909 1336 1953 er·

143 2021 236 2066 rasse
263 2020 374 2084 regem
404 2006 438 2068 et
464 2000 642 2086 Iugurthae
670 2007 788 2067 scalae
814 2000 943 2086 lapsum
974 2000 1142 2086 deprecati
1173 2004 1249 2066 sunt
1267 1999 1336 2084 Ing.

146 2118 250 2199 1⁰4n·

231 2232 294 2292 irc:
316 2235 432 2291 suomet
453 2225 517 2310 ipsi
537 2247 621 2292 moro
642 2225 840 2310 praecipites
863 2230 940 2291 eant
959 2224 1028 2310 Ing.
1052 2230 1135 2310 31,6.

232 2359 315 2403 esse:
343 2343 568 2419 infecunditate
589 2337 699 2404 bienni
721 2338 861 2422 proximi
891 2358 989 2422 grave
1010 2337 1153 2422 pretium
1176 2334 1336 2400 fructibus

143 2455 232 2516 esset
252 2450 292 2515 fr.
316 2450 372 2516 111.
397 2456 424 2516 l.

231 2566 371 2627 euenire:
395 2562 430 2628 id
452 2583 489 2628 eo
510 2567 616 2642 pratia
639 2561 817 2642 eveniebat,
840 2561 928 2645 quod
953 2560 1021 2645 Ing.
1046 2567 1096 2642 54,
1109 2601 1133 2646 4.
1161 2559 1335 2625 11111ιὶ11νὶ-

146 2679 297 2742 cordiane
317 2673 456 2759 hospitis
479 2678 538 2739 ant
554 2680 702 2754 pactione
723 2695 765 2738 an
786 2695 862 2739 casu
882 2673 930 2738 ita
951 2673 1094 2739 evenerit
1113 2693 1229 2757 parum
1250 2691 1336 2736 aom-

142 2789 288 2872 perimus
318 2787 386 2871 Iug.
418 2792 501 2873 67,3.
540 2786 666 2870 primae
700 2785 916 2852 dissensiones
948 2791 1019 2851 oitio
1049 2784 1182 2850 hnmani
1209 2783 1337 2867 generis

142 2919 282 2965 evenere
303 2897 342 2962 ir.
362 2899 387 2964 1.
409 2904 437 2963 7.
582 2907 586 2914 '

227 2993 388 3092 stuprare.-
413 3009 591 3094 flagrantes
613 3014 719 3090 inopia
742 3014 775 3074 et
796 3014 991 3089 cupidinibus
1016 3009 1070 3074 Or.
1092 3008 1174 3073 Phil.
1199 3015 1227 3071 7.

231 3130 396 3189 incedere:
419 3122 537 3207 quibus
558 3122 607 3188 rei
628 3122 780 3206 publicae
802 3126 1015 3202 mapnitudinc
1031 3118 1110 3185 belli
1132 3121 1229 3185 timor
1250 3122 1336 3185 inso-

139 3239 222 3303 litus
243 3238 431 3301 incesserat
454 3235 522 3302 Cat.
547 3240 632 3321 31‚3.

231 3353 379 3415 interire:
407 3355 501 3429 ferro
533 3353 591 3413 aut
620 3352 725 3414 bestiis
751 3348 820 3432 Ing.
851 3351 900 3427 17,
908 3389 933 3432 6.
962 3348 1107 3414 incertae
1137 3351 1171 3412 et
1199 3347 1336 3412 forsitan

138 3467 220 3550 post
246 3461 345 3547 paulo
375 3464 479 3526 morbo
508 3461 702 3526 interiturae
732 3460 819 3526 vitae
839 3466 992 3544 parceret
1012 3459 1081 3544 Ing.
1106 3465 1212 3545 106‚³.
1244 3461 1336 3546 cnjus

138 3580 177 3642 in
200 3575 317 3641 urbem
339 3579 443 3640 reditu
463 3574 562 3640 decus
584 3573 707 3639 ordinis
730 3572 827 3660 hujus
848 3574 973 3638 interiit
994 3574 1048 3639 Or.
1071 3573 1153 3638 Phil.
1179 3579 1226 3638 19.
1254 3572 1336 3638 mul·

139 3691 235 3773 tique
259 3692 458 3754 commeatus
479 3687 673 3753 interierant
694 3691 816 3751 insidiis
838 3685 1002 3752 latronum
1025 3686 1064 3752 fr.
1087 3685 1127 3750 II.
1152 3690 1201 3752 51.
1283 3735 1287 3742 .

231 3804 366 3865 moroni:
395 3799 492 3865 Curio
514 3803 666 3879 relipionc
686 3797 950 3863 Volcanaliorum
978 3797 1064 3864 diem
1087 3797 1207 3864 ibidem
1230 3815 1336 3862 mora·

139 3912 410 3979 mbfflffi

232 4029 391 4090 occidere:
420 4043 555 4109 sperans
577 4022 628 4088 vel
651 4029 832 4088 ostentando
860 4023 1012 4089 virtutem
1033 4022 1086 4089 vel
1107 4021 1249 4087 bostium
1268 4041 1335 4085 soc·

75 4221 82 4234 .
137 4143 219 4204 vitiu
240 4136 337 4201 facile
359 4156 431 4201 eum
455 4155 663 4201 accessurum
684 4134 753 4217 Ing·
778 4139 838 4221 7,2.

232 4253 328 4313 oriri:
358 4253 449 4314 ortus
479 4252 529 4314 est
559 4251 739 4330 otiosique
762 4250 954 4312 abundantia
976 4267 1088 4313 earnm
1110 4265 1228 4326 rerum,
1251 4265 1335 4329 quae

136 4365 212 4446 Ing.
235 4365 319 4445 4¹³1·

224 4493 413 4554 pavescere:
439 4475 472 4537 et
493 4476 573 4537 omni
594 4476 725 4551 strepitu
747 4490 922 4554 pavescere
944 4470 1012 4554 Ing.
1037 4475 1121 4557 72,2.

224 4589 412 4666 peruenire:
433 4588 607 4669 praeterea
627 4582 863 4650 modestissime
879 4589 1025 4663 parendo
1045 4586 1079 4648 et
1094 4602 1191 4666 saepe
1207 4580 1336 4648 obviam
