3180 5276
744 419 960 480 ..25-

261 604 320 668 niti
350 609 532 684 corporibus
558 603 627 688 Iug.
658 575 743 688 ssb‚4.
772 602 936 669 interdum
970 602 1101 668 timidos
1122 603 1297 670 insolentia
1324 603 1454 668 itineris

259 716 369 782 levare
390 738 483 783 manu
494 715 562 799 Iug.
576 721 626 796 94,
637 758 662 802 2.
707 715 847 781 Marium
868 737 926 781 sua
940 736 1032 781 manu
1043 714 1251 782 interfectum
1263 715 1334 800 lug.¹
1347 720 1452 801 lblffi.

261 850 354 893 manu
376 833 490 894 tenens
513 827 581 894 Cat.
603 834 653 907 46,
661 855 685 914 ς.
719 826 1043 912 quaeeunqueurbis
1065 830 1099 893 et
1119 847 1217 911 agros
1238 849 1331 894 muna
1358 848 1453 912 oepe-

261 945 315 1005 rat
336 941 405 1024 lug.
430 948 457 1020 5,
467 981 491 1026 4.
515 939 602 1024 quod
625 944 770 1005 armatus
792 946 944 1006 dedecore
964 939 1068 1023 magis
1090 960 1189 1024 quam
1207 960 1300 1034 manu
1314 938 1452 1005 salutem

262 1053 471 1136 quaesiverat
492 1053 561 1135 lug.
586 1058 783 1139 39‚1.manu
805 1049 974 1117 consulere
996 1051 1154 1117 militibus
1175 1050 1243 1135 lug.
1267 1058 1319 1130 98,
1326 1095 1352 1138 1.
1383 1073 1451 1117 oer-

261 1168 333 1229 tare
355 1184 449 1228 manu
478 1163 532 1228 Or.
556 1163 639 1230 eon.
663 1169 692 1230 6.
730 1164 866 1249 injurias
896 1183 972 1228 suas
1001 1185 1094 1228 manu
1123 1163 1362 1229 vindicaturum
1383 1164 1451 1247 lug.

263 1281 344 1360 20‚4.
368 1296 432 1340 non
447 1297 539 1340 manu
561 1297 666 1360 neque
691 1280 773 1342 ui...
795 1296 907 1341 verum
922 1280 1150 1356 quaestionibus
1166 1279 1200 1341 et
1216 1280 1331 1341 indicio
1349 1275 1452 1359 ipsius

262 1387 440 1471 Iugurthae
463 1387 705 1472 (vindicandum
728 1388 783 1473 sit)
805 1387 875 1471 lug.
899 1393 998 1472 31„3.
1028 1409 1120 1453 manu
1134 1407 1219 1467 pene
1239 1396 1345 1452 uentre
1364 1385 1453 1452 bona

262 1499 372 1583 patria
392 1498 596 1566 laceraverat
624 1499 693 1566 eat.
719 1504 800 1586 Μή.
832 1498 1130 1584 superadstantium
1158 1504 1304 1565 munibus
1326 1500 1361 1565 in
1382 1521 1451 1566 mu-

262 1633 336 1676 rum
358 1611 520 1678 attollitur
540 1611 579 1678 fr.
592 1595 626 1677 ¹I.
644 1617 694 1679 74.
725 1618 826 1694 eapite
847 1630 969 1696 poenas
991 1610 1115 1678 solvere
1129 1611 1198 1694 Iug.
1216 1616 1298 1697 69,4.
1318 1617 1452 1692 pedibus
1571 1687 1572 1694 χ

264 1724 298 1787 in
321 1723 516 1789 sententiam
538 1723 648 1790 Tiberi
669 1724 808 1790 Neronis
827 1724 950 1790 iturum
972 1744 1007 1789 se
1030 1723 1158 1789 dixerat
1179 1723 1248 1789 Cat.
1271 1729 1354 1808 50‚4.

356 1837 454 1902 Verba
476 1839 509 1901 et
532 1841 615 1902 dieta
642 1835 805 1903 interdum
833 1835 1050 1901 instrumenta
1071 1838 1155 1917 sunt,
1189 1834 1308 1919 quibus
1330 1835 1452 1918 eogita-

262 1947 368 2013 tiones
389 1952 518 2014 nostras
541 1947 746 2033 proferimus.
783 1952 941 2032 quantum
962 1968 1036 2012 eam
1057 1951 1158 2013 uerbis
1171 1950 1308 2033 potuere
1331 1969 1371 2012 ex
1392 1946 1453 2012 tol·

261 2058 330 2125 lere
351 2060 523 2144 praeclara
550 2061 681 2143 ingenia
703 2060 771 2128 Cat.
792 2067 822 2141 8,
828 2102 852 2146 4.
885 2059 928 2125 ad
948 2059 1012 2124 hoo
1040 2066 1118 2125 maie
1140 2064 1231 2125 dietis
1260 2059 1453 2144 increpabat

264 2172 367 2236 omnis
397 2171 500 2238 bonos
529 2172 597 2237 Cat.
621 2179 704 2259 2l,4.
736 2172 836 2238 eeteri
864 2175 955 2237 uerbo
984 2171 1067 2239 alius
1098 2170 1154 2238 alii
1181 2171 1271 2237 varie
1298 2172 1453 2236 assentie-

264 2281 384 2348 bantur
416 2283 484 2349 eat.
508 2290 590 2370 52,2.
626 2283 800 2350 Lentulum
824 2282 1081 2350 dissimulantem
1111 2287 1295 2367 coarguunt
1322 2288 1453 2368 praeter

263 2395 392 2460 litteras
411 2400 602 2462 sermonibus
623 2396 692 2462 Cat.
716 2401 799 2482 47‚2.
823 2400 961 2462 barbaro
982 2401 1090 2478 liupua
1112 2395 1244 2462 Mauros
1265 2416 1332 2479 pro¹
1349 2393 1453 2460 Medis

264 2506 467 2590 appellantes
489 2506 557 2591 lug.
583 2514 680 2595 18,10.
712 2529 796 2592 quae
825 2506 1049 2592 hujuscemodi
1075 2512 1175 2574 uerbis
1203 2506 1365 2572 disseruit
1384 2507 1452 2590 Ing.

265 2624 348 2704 3⁰⁵4·
371 2619 528 2685 mandata
549 2625 649 2686 uerbis
672 2621 730 2686 det
750 2620 819 2686 Cat.
840 2625 891 2700 44,
901 2662 925 2706 6.
954 2624 1054 2685 uerbis
1078 2624 1111 2685 et
1135 2624 1245 2686 vatum
1267 2623 1454 2686 carminibus

264 2752 380 2816 paoem
403 2731 524 2817 optatis
546 2733 651 2816 magis
683 2753 780 2816 quam
810 2730 984 2797 defenditis
1006 2731 1060 2796 Or.
1081 2731 1163 2796 Phil.
1188 2739 1216 2797 3.
1238 2735 1339 2797 uerbis
1362 2751 1455 2796 arma

263 2843 468 2928 temptabitis
490 2844 544 2909 Or.
567 2843 647 2909 Phil
674 2849 722 2909 17.
751 2844 924 2926 exsultare,
955 2847 1101 2928 strepere
1127 2847 1249 2909 uocibus
1278 2842 1347 2926 Iug.
1370 2848 1421 2924 98,
1430 2884 1453 2928 6.

264 2955 426 3020 hominem
454 2963 592 3023 secanda
623 2962 762 3022 oratione
791 2955 917 3022 extollit
944 2956 1014 3038 lug.
1038 2962 1088 3036 65,
1097 2997 1122 3044 3.
1159 2959 1197 3020 ut
1225 2955 1336 3040 turpia
1366 2953 1456 3020 laeta

266 3074 406 3134 oratione
433 3073 549 3153 tegunt
578 3068 646 3153 Iug.
676 3075 774 3155 8531.
809 3067 930 3134 Booohi
959 3067 1101 3133 animum
1138 3073 1278 3135 motione
1306 3066 1456 3132 aseendit

264 3181 333 3264 Iug.
356 3184 440 3267 81,1.
479 3186 512 3247 et
537 3202 593 3246 eos
624 3202 689 3247 non
715 3179 850 3265 paulum
879 3185 1018 3246 oratione
1045 3202 1104 3246 sau
1132 3179 1256 3246 Marius
1286 3182 1457 3244 arrexerat

264 3293 332 3378 Ing.
355 3299 406 3375 84,
415 3334 439 3380 4.
462 3313 546 3377 quae
563 3300 653 3374 samu
675 3298 849 3378 aooeperat
870 3293 938 3378 lug.
963 3299 995 3374 9,
1004 3335 1029 3380 3.

350 3405 388 3470 In
421 3405 640 3473 locutionibus
677 3404 871 3490 quibusdam
913 3404 1151 3472 substantivum
1192 3407 1315 3469 uerbum
1359 3402 1456 3468 omis·

266 3541 337 3586 sum
360 3525 422 3586 est:

346 3635 461 3713 pausis
481 3630 649 3697 absolvam
670 3631 739 3697 Cat.
761 3636 791 3712 4,
798 3673 813 3718 3
837 3635 921 3718 38,3,
949 3629 988 3695 fr.
1010 3630 1034 3695 I.
1058 3634 1087 3696 2.
1115 3634 1270 3695 disserere
1301 3626 1370 3693 cat.
1394 3633 1457 3713 5‚9.

267 3750 459 3824 respondere
479 3745 548 3828 lug.
574 3749 657 3830 15‚1.
688 3764 845 3824 exponere
866 3742 934 3826 lug.
959 3747 1041 3828 17η.
1072 3747 1177 3808 disere
1197 3740 1266 3824 lug.
1289 3746 1373 3826 95η.
1405 3761 1458 3804 ac-

266 3861 372 3937 cipere
392 3855 461 3940 lug.
486 3861 589 3941 lloffi.

346 3972 563 4050 paucissimis:
586 3970 743 4034 absoluere
763 3967 832 4051 lug.
855 3972 935 4054 17,2.
958 3971 1063 4034 dicere
1083 3967 1151 4050 lug.
1177 3970 1258 4050 17η.

353 4085 470 4146 muiu's:
496 4085 652 4146 disserere
673 4079 741 4163 lug.
767 4085 870 4165 mar·
897 4079 950 4144 Or.
973 4079 1073 4144 Maur.
1099 4084 1126 4143 1.

353 4193 574 4258 Instrumenta
595 4197 629 4257 at
651 4191 849 4277 adjumenta,
871 4190 989 4275 quibus
1008 4189 1133 4275 aliquid
1146 4187 1295 4268 affinitur,
1318 4207 1358 4253 ea
1373 4194 1459 4269 sunt,
1574 4253 1575 4288 ᾖ

269 4325 353 4389 quae
375 4326 415 4370 ex
438 4304 546 4371 animo
573 4304 730 4388 variaque
752 4303 822 4389 ejus
844 4308 964 4369 natura
985 4306 1135 4368 manant:

354 4437 429 4482 nam
453 4421 567 4482 eontra
588 4421 699 4482 tantas
721 4414 932 4480 difficultates
953 4419 1079 4480 oonsilio
1101 4413 1182 4479 satis
1202 4409 1375 4498 providere
1393 4431 1461 4478 non

267 4533 400 4614 poterat
421 4529 490 4614 lug.
514 4535 598 4614 90,1.
624 4549 677 4594 res
693 4533 781 4609 sorte
797 4547 896 4610 quam
908 4531 1033 4592 oonsilio
1048 4526 1163 4592 melius
1183 4529 1275 4610 gesta
1289 4524 1358 4608 Ing.
1375 4527 1461 4610 92⁶.
