3180 5276
766 393 981 454 ,64-

281 577 425 660 gurthiui
445 577 537 660 signo
559 577 636 640 dato
654 581 763 641 castra
778 577 919 642 hostium
939 576 1096 642 invadunt
1115 578 1184 660 lug.
1200 581 1284 664 21‚2.
1307 582 1460 643 sollicitato

275 694 368 769 plebe
398 695 431 754 et
462 694 532 756 abiis
562 711 718 754 novarum
751 711 859 754 rorum
888 694 986 753 auidis
1078 689 1251 754 condidere
1288 691 1359 773 lug.
1391 697 1459 775 19‚1.

280 822 387 886 pauca
411 807 575 880 praesenti
612 807 737 866 consitio
766 801 894 866 locutus
924 802 993 885 Iug.
1016 807 1096 888 bbg.
1126 807 1358 881 cupientissima
1382 807 1462 882 plebe

283 914 394 978 consul
424 913 530 978 factus
560 914 627 997 lug.
657 920 740 999 84,1.
771 914 881 979 multis
911 913 991 980 locis
1012 915 1146 999 potitae,
1176 935 1217 980 ac
1239 915 1404 998 plerisque
1423 920 1461 979 iu-

282 1035 409 1090 crucuto
437 1031 587 1103 eaercttu,
614 1025 711 1090 aliam
740 1047 809 1092 rem
838 1026 1029 1110 aggreditur
1059 1026 1128 1110 lug.
1151 1031 1201 1107 92,
1215 1067 1239 1112 4·
1264 1047 1358 1091 arma
1380 1048 1462 1093 oma-

282 1144 416 1221 tumque
441 1143 649 1204 mutaverant
676 1143 777 1218 cupite
806 1141 905 1222 atque
923 1143 1056 1218 pedibus
1078 1144 1171 1203 audis
1192 1138 1262 1222 lug.
1285 1140 1462 1224 94‚1.inte-

282 1251 343 1314 rim
360 1255 503 1327 omuibus,
526 1255 671 1316 Romanis
690 1254 895 1331 testibusque,
917 1250 1041 1336 proelio
1057 1255 1191 1326 intentis,
1213 1271 1334 1334 magna
1360 1251 1462 1318 utrim-

284 1383 347 1445 que
366 1363 398 1428 vi
419 1383 479 1446 pro
502 1362 605 1446 gloria
626 1366 724 1445 atquo
746 1362 879 1446 imperis
900 1369 958 1442 bis,
979 1368 1039 1428 iilis
1063 1361 1128 1446 pro'
1146 1363 1252 1428 salute
1274 1367 1463 1437 certantibus,

284 1479 417 1560 repente
447 1480 581 1559 atergo
610 1475 703 1558 signa
732 1496 848 1540 canere
876 1477 1044 1562 Iug.94‚5.
1076 1481 1207 1556 defessis
1237 1476 1307 1560 jam
1340 1478 1464 1540 hostibus

285 1592 318 1651 et
339 1586 436 1670 paulo
469 1592 544 1652 ante
578 1608 688 1651 somno
719 1593 817 1668 ceptis
840 1587 880 1652 de
902 1588 1077 1673 improviso
1098 1587 1211 1671 vigiles
1308 1588 1400 1672 signa
1420 1606 1465 1651 ca·

284 1721 361 1764 nere
383 1700 451 1783 lug.
475 1705 556 1784 99‚1.
579 1699 703 1783 pariter
726 1720 765 1764 ac
786 1705 962 1765 saeuissime
983 1705 1111 1780 imperio
1141 1700 1213 1766 lene
1237 1705 1337 1783 atque
1361 1699 1466 1764 decore

286 1817 378 1895 gesta
399 1813 467 1894 lug.
493 1817 596 1896 100‚5.
620 1811 767 1876 consules
790 1811 912 1878 fecistis
1003 1813 1090 1877 domi
1112 1811 1256 1895 bellique
1271 1816 1467 1892 impedissiuu

285 1929 465 2003 republica
489 1923 541 1988 Or.
565 1924 646 1989 Cott.
670 1929 697 1989 6.
742 1928 829 1988 Sulla
851 1935 968 1988 mortuo
1072 1923 1168 1988 finem
1191 1924 1269 1989 mali
1293 1923 1468 1989 credebatis

287 2036 340 2102 Or.
362 2035 462 2101 Macr.
486 2042 514 2102 9.
560 2035 745 2121 Bithyniam
769 2041 931 2101 Nicomede
954 2047 1070 2102 mortuo
1100 2036 1264 2119 diripuere
1287 2037 1348 2120 Ep.
1369 2035 1468 2123 Mithr·

287 2156 316 2216 9.
341 2154 481 2214 restituto
509 2148 624 2212 deinde
655 2147 742 2232 apud
765 2147 924 2213 Caberam
954 2155 1094 2213 exercitu
1123 2153 1156 2213 et
1185 2154 1282 2212 uariis
1312 2149 1397 2213 inter
1423 2167 1469 2211 me

287 2265 386 2344 atque
409 2259 579 2326 Lucullum
596 2264 726 2340 procliis
749 2259 860 2344 inopia
884 2282 997 2326 rursus
1013 2260 1125 2326 'ambos
1143 2261 1278 2326 incessit
1292 2259 1353 2344 Ep.
1369 2259 1470 2324 Mithr.

290 2379 338 2439 15.
361 2378 472 2438 ceteris
503 2376 681 2452 expertibus
711 2371 771 2437 soli
799 2373 832 2437 io
857 2372 994 2456 imperio
1023 2393 1120 2456 agere
1147 2371 1186 2436 fr.
1208 2372 1233 2436 I.
1257 2379 1285 2438 9.
1310 2373 1401 2456 cujus
1422 2377 1471 2435 ed·
1520 2405 1523 2418 ·

287 2507 379 2550 uersu
400 2490 554 2550 uoluntate
577 2484 746 2568 conloquio
769 2484 925 2548 militibus
954 2485 1112 2569 permisso
1140 2485 1305 2568 corruptio
1329 2485 1416 2549 facta
1435 2483 1471 2548 f.

287 2597 311 2662 I.
337 2603 386 2662 bi.
409 2602 507 2662 auidis
532 2601 630 2680 atque
651 2597 699 2660 ita
715 2601 868 2676 promptis
893 2601 1019 2662 ducibus
1040 2597 1079 2661 fr.
1102 2597 1142 2661 II.
1169 2602 1216 2662 19.

375 2707 543 2792 Participii
564 2709 636 2772 loco
660 2709 858 2774 adhibentur
880 2708 1100 2774 substantiva:

376 2828 458 2887 dux:
488 2819 544 2904 qui
567 2821 677 2886 Aenea
701 2827 779 2886 duce
808 2820 938 2905 profugi
962 2820 1093 2886 sedibus
1119 2821 1252 2885 incertis
1275 2820 1474 2905 vagabantur

290 2935 358 2999 Cat.
384 2939 412 3012 6,
429 2976 454 3019 1.

377 3053 501 3112 consui:
524 3046 559 3110 L.
583 3046 722 3112 Caesare
746 3046 783 3112 G.
797 3045 913 3130 Figulo
936 3044 1122 3111 consulibus
1137 3044 1205 3111 Cat.
1231 3043 1372 3130 17,1.cf.
1398 3049 1476 3130 18‚2.

292 3165 374 3245 38,1.
397 3159 451 3224 Or.
475 3158 576 3223 Macr.
603 3164 650 3223 10.
673 3158 712 3223 fr.
732 3158 756 3222 I.
782 3162 808 3222 1.
832 3163 860 3223 8.

367 3271 495 3354 quibus
519 3274 701 3349 pauentibus
731 3274 899 3350 quibusque
925 3274 1073 3334 ministris
1101 3290 1140 3334 ea
1170 3269 1274 3353 egerit
1301 3268 1369 3352 lug.
1393 3273 1443 3348 33,
1454 3309 1477 3352 4.

293 3389 360 3464 quis
391 3387 586 3461 adjutoribus
617 3403 728 3465 regom
759 3402 932 3466 aggressus
968 3381 1107 3465 impellit
1130 3381 1198 3464 lug.
1227 3386 1278 3462 80,
1286 3422 1311 3466 3.
1341 3385 1478 3446 maximis

293 3501 420 3562 ducibus
441 3500 635 3574 streuuisque
655 3499 803 3559 ministris
825 3493 864 3558 fr.
887 3494 952 3558 Inc.
978 3499 1047 3559 102.

379 3607 565 3674 Particulae
588 3618 622 3671 ut
643 3606 694 3671 vel
716 3611 817 3684 sicuti,
841 3605 951 3672 confer
978 3609 1062 3670 Caes.
1086 3605 1160 3672 bell.
1173 3604 1247 3690 gall.
1272 3603 1481 3691 3‚13‚g.laeti

293 3725 330 3786 ut
352 3720 522 3805 explorata
543 3719 688 3785 victoria.
718 3717 791 3784 bell.
822 3718 1040 3806 civil.2,13‚2.
1071 3723 1108 3784 ut
1136 3739 1171 3784 re
1196 3717 1344 3783 confecta
1371 3737 1480 3782 omnes

294 3854 405 3898 curam
428 3837 461 3898 et
483 3831 684 3915 diligentiam
700 3832 871 3896 remittunt
892 3836 952 3896 etc.
975 3830 1015 3895 of.
1040 3829 1174 3896 Fischer
1196 3831 1213 3916 ᾗ
1236 3835 1276 3895 47
1301 3828 1387 3913 apud
1411 3827 1480 3894 Sal-

291 3946 425 4010 lustium
439 3966 504 4009 non
517 3943 732 4023 inveniuntur,
755 3943 874 4027 legitur
889 3948 978 4022 quusi
994 3963 1058 4008 uno
1072 3943 1143 4007 loco
1155 3943 1223 4026 lug.
1242 3946 1312 4020 100,
1322 3982 1346 4026 3.
1370 3938 1481 4004 consul

295 4063 384 4138 quasi
407 4063 489 4121 uuile
511 4061 649 4136 impositu
671 4056 779 4120 omnia
799 4054 979 4140 providere.

381 4169 494 4251 Neque
525 4167 697 4233 Sallustius
725 4187 831 4252 neque
854 4166 973 4234 Caesar
1003 4167 1107 4233 utitur
1137 4165 1280 4231 ablativo
1303 4169 1413 4245 nubilo,
1436 4185 1480 4228 se-

294 4303 370 4346 reno
394 4280 511 4346 omisso
540 4279 752 4359 substantivo,
787 4280 843 4364 qui
870 4279 990 4363 legitur
1012 4277 1099 4364 apud
1121 4279 1247 4344 Livium
1278 4283 1375 4364 3l,12.
1395 4281 1447 4357 23,
1459 4315 1481 4362 Ἰ.

296 4393 336 4458 cf.
360 4392 493 4458 Fischer
514 4394 532 4478 ᾗ
555 4398 605 4458 47.
629 4397 734 4458 audito
756 4395 864 4456 exstat
885 4389 923 4456 fr.
947 4391 983 4456 V.
1007 4396 1055 4456 ll.
1078 4401 1230 4470 comperto
1251 4389 1290 4456 fr.
1314 4391 1350 4456 V.
1375 4394 1423 4454 10.

382 4504 478 4570 Nullo
500 4506 572 4569 loco
598 4503 731 4569 ablativi
754 4503 935 4587 praedicati
968 4504 1205 4587 conjunguntur
1236 4522 1308 4566 cum
1332 4501 1482 4567 ablativis
