3180 5276
662 371 873 434 „23-

170 559 346 624 nachher“.
389 559 551 646 Iug.13‚5
574 559 688 642 paucis
710 557 825 624 diebus
847 579 920 625 cum
945 579 1025 624 euro
1046 563 1079 626 et
1100 565 1237 644 argento
1261 560 1364 628 multo

169 672 309 737 Romam
330 670 440 736 mittit.
484 671 554 755 lug.
568 676 641 757 bb,9
665 675 699 736 et
719 671 789 754 ipse
811 671 925 754 paucis
940 665 1055 738 diebus
1071 671 1184 738 eodem
1196 672 1365 756 protectus

170 788 230 849 est.
283 787 357 870 46sp
396 783 511 868 paucis
543 782 658 850 diebus
695 783 821 848 intento
843 787 955 866 atque
989 783 1108 850 iniertu
1147 784 1292 850 exercitu
1330 785 1366 850 in

170 893 358 960 Numidiam
379 895 537 979 procedit
589 901 669 976 64‚5
699 894 813 979 paucis
847 891 962 960 diebus
990 895 1182 979 Iugurtham
1211 895 1246 961 in
1276 901 1364 963 cate-

170 1007 221 1073 nis
244 1005 442 1072 habiturum.
486 1012 563 1092 86,4
596 1007 710 1092 paucis
739 1005 854 1072 diebus
877 1005 1007 1073 Uticam
1038 1007 1219 1074 advehitur.
1266 1014 1363 1095 1⁰⁷2r

170 1118 288 1185 deinde
310 1119 424 1203 paucis
448 1117 563 1185 diebus
588 1140 653 1205 quo
677 1118 736 1184 'ire
766 1118 954 1185 intenderat
973 1123 1166 1204 perventum
1188 1124 1246 1186 est.
1291 1119 1365 1186 Non

170 1231 276 1296 solum
297 1229 454 1315 temporis
483 1235 649 1314 punctum,
678 1230 736 1296 sed
763 1229 893 1316 longius
923 1231 1080 1316 temporis
1110 1231 1254 1316 spatium
1274 1231 1365 1300 intra

170 1341 260 1427 quod
278 1341 389 1426 eliqua
411 1363 465 1408 res
490 1341 579 1409 facta
601 1348 651 1409 est
670 1341 723 1408 vel
744 1341 801 1411 fiat
822 1363 955 1409 necesse
986 1347 1037 1408 est
1059 1341 1222 1427 signifieat
1244 1342 1362 1410 ablati·

169 1475 238 1520 vus.
281 1454 350 1538 lug.
374 1459 450 1540 38„
473 1459 648 1540 praeterea
676 1455 724 1520 uti
747 1457 854 1522 diebus
886 1461 989 1521 decem
1011 1452 1165 1520 Numidia
1190 1453 1364 1522 decederet

169 1565 360 1648 „innerhalb
387 1566 469 1631 zehn
501 1565 641 1650 Tagen“.
693 1567 763 1652 Ing.
783 1572 855 1654 24st
889 1571 1003 1648 poecis
1035 1571 1142 1634 diebos
1170 1567 1264 1653 jussa
1293 1567 1364 1632 effi·

170 1678 270 1743 ciunt.
315 1683 391 1765 39,4
412 1683 529 1759 poecis
558 1673 665 1745 diebos
691 1679 726 1744 in
747 1677 893 1746 Africam
922 1677 1151 1765 proficiscitur.
1196 1679 1266 1763 Iug.
1291 1684 1362 1766 llffl

169 1810 246 1855 nem
274 1789 381 1874 ipsum
402 1789 494 1856 illum
523 1794 621 1856 tribur
637 1794 793 1871 proximis
823 1796 913 1856 annis
942 1791 977 1856 in
1006 1811 1141 1875 regnum
1166 1791 1363 1878 pervenisse.

168 1901 228 1986 Ep.
251 1901 406 1986 Pomp4
438 1895 786 1985 diebus'quodrapinta
817 1903 995 1970 exereitum
1026 1904 1150 1988 paravi.
1194 1904 1264 1988 lug.
1286 1909 1359 1990 31„

168 2019 217 2079 bis
238 2020 330 2080 annis
352 2021 525 2095 quindecim
549 2034 648 2100 quam
666 2013 810 2080 ludibrio
828 2014 956 2081 fueritis
978 2016 1151 2100 superbiae
1173 2035 1365 2102 paucorum·

169 2125 238 2192 Cat.
262 2133 334 2214 55„
360 2132 489 2194 noctem
511 2148 596 2212 quae
624 2126 772 2193 instabat
794 2132 999 2213 antecapere,
1027 2148 1068 2194 ne
1098 2127 1177 2212 quid
1204 2148 1239 2194 eo
1262 2133 1362 2209 spatio

167 2244 352 2304 novaretur.
397 2239 465 2306 Cet.
483 2244 555 2326 56,2
580 2259 619 2304 ac
643 2244 728 2306 brevi
749 2244 850 2321 spatio
872 2239 1016 2324 legiones
1038 2237 1173 2306 numero
1195 2240 1362 2308 hominum

168 2350 366 2436 expleverat.
409 2350 478 2435 Iug.
496 2357 573 2439 87,3
597 2351 645 2417 sic
662 2356 748 2417 brevi
768 2356 869 2432 spatio
891 2352 967 2418 noui
988 2355 1180 2437 veteresque
1201 2353 1361 2419 coaluere.

168 2463 234 2530 Sed
255 2463 457 2550 praepositio
482 2484 611 2549 quoque
633 2467 812 2550 usmpatur
834 2463 1023 2530 aSallustio
1047 2463 1090 2530 ad
1113 2464 1361 2549 significandum

167 2577 325 2661 temporis
346 2577 487 2661 spatium
516 2577 605 2642 intra
632 2576 720 2663 quod
743 2575 868 2662 aliquid
889 2575 935 2642 fit.
979 2576 1048 2661 Ing.
1073 2582 1149 2662 28‚2
1170 2577 1220 2642 uti
1243 2581 1276 2642 iu
1297 2582 1361 2643 die-

168 2694 225 2754 bus
241 2693 397 2769 prooemia
425 2695 527 2754 decem
549 2688 647 2755 ltalia
675 2688 879 2756 decederent.
913 2689 982 2773 Iug.
1006 2694 1081 2776 96„
1117 2688 1360 2756 sollertissimus

168 2801 312 2866 omnium
343 2805 376 2864 in
392 2807 507 2881 poecis
530 2806 758 2882 tempestatibus
788 2801 897 2868 factus
917 2806 976 2868 est.
1020 2799 1086 2867 Ubi
1107 2801 1201 2867 deest
1222 2800 1361 2867 attribu·

168 2919 239 2980 tum
263 2914 462 2998 praepositio
484 2919 517 2979 io
538 2935 666 3000 semper
688 2917 782 2979 notat
803 2913 1058 2999 perpetuitatem
1079 2913 1246 2997 temporis.
1289 2913 1360 2980 Cat.

168 3033 246 3113 39,2
280 3046 345 3110 quo
375 3025 504 3110 plebem
523 3019 560 3092 in
581 3027 778 3110 magistratu
798 3025 960 3112 placidius
981 3028 1173 3106 tractarent,
1201 3046 1260 3092 nos
1288 3047 1360 3091 ver·

167 3140 268 3205 timus
299 3137 472 3220 „withrend
502 3138 561 3204 der
598 3139 709 3205 Dauer
744 3137 833 3204 ihres
860 3137 1001 3203 Amtes“.
1053 3137 1121 3204 Cat.
1153 3143 1229 3224 57‚4
1257 3137 1359 3223 impe·

168 3251 255 3316 ditos
278 3251 312 3316 in
336 3250 415 3334 iuga
436 3255 637 3336 sequeretur.
681 3249 750 3335 Iug.
772 3253 844 3336 97‚3
872 3255 988 3316 contra
1007 3243 1359 3336 Romanis‘utrumque

169 3383 281 3429 eesum
303 3363 336 3427 in
358 3361 502 3430 tenebris
523 3361 739 3428 difficiliorem
759 3360 838 3428 fore.
883 3362 936 3427 Or.
953 3361 1034 3428 Phil.
1058 3367 1075 3427 1
1100 3382 1170 3428 rem
1192 3362 1359 3448 publicem

169 3476 316 3561 quietam
339 3495 409 3540 esse
442 3479 500 3541 aut
528 3476 563 3540 in
584 3474 730 3562 periculo
755 3495 777 3539 a
800 3474 1042 3560 promptissimo
1065 3495 1195 3559 quoque
1218 3473 1358 3542 defendi.

168 3589 223 3654 Or.
245 3586 327 3652 Phil.
352 3592 370 3650 7
393 3586 511 3670 quibus
534 3587 627 3671 quies
646 3587 681 3654 in
702 3583 917 3654 seditionibus
938 3587 972 3654 in
994 3605 1076 3672 pace
1100 3585 1218 3652 turbae
1239 3591 1323 3653 sunt.

254 3698 422 3765 Interdum
447 3698 647 3785 praepositio
682 3699 716 3765 in
752 3699 928 3784 apponitur
956 3697 1090 3765 vocibus
1120 3697 1200 3784 ipsis
1230 3710 1357 3782 tempos,

167 3822 342 3892 tempestus,
365 3816 432 3878 dier
453 3810 510 3879 ubi
522 3831 587 3878 non
600 3815 729 3897 tempus
746 3811 853 3898 ipsum
870 3809 1064 3896 exprimunt,
1086 3810 1144 3876 sed
1156 3817 1357 3894 rerumsseon·

168 3923 340 4005 dicionem,
371 3944 455 4008 quae
484 3943 523 3988 eo
551 3927 698 4008 tempore
721 3923 877 3990 obtinent.
929 3922 997 3988 Nos
1018 3921 1174 3990 vertimus
1202 3944 1267 3990 non
1294 3925 1356 4006 „im

166 4034 352 4116 withrend“,
375 4034 433 4100 sed
455 4039 554 4113 „bei“.
577 4034 728 4122 Oet.48,5
751 4040 861 4101 tamen
883 4034 962 4121 quia
983 4039 1016 4100 in
1039 4040 1094 4100 toti
1108 4044 1243 4117 tempore
1264 4041 1358 4102 tanta

165 4149 216 4214 sis
238 4147 377 4214 hominis
398 4147 502 4231 magis
521 4147 674 4213 lenienda
696 4169 794 4236 quam
813 4148 1009 4232 exagitanda
1025 4147 1207 4214 ridebatur.
1251 4147 1290 4213 ld
1308 4154 1358 4214 est

158 4281 226 4344 pro
248 4281 358 4326 rerum
381 4280 419 4325 eo
441 4263 590 4346 tempore
613 4259 801 4326 condicione
823 4259 896 4342 „bei
918 4261 1007 4326 einer
1027 4260 1160 4327 solchen
1175 4260 1291 4344 Luget
1316 4261 1355 4326 cf.

164 4371 278 4438 Livius
302 4377 352 4452 30,
361 4413 426 4458 am
449 4377 509 4438 etc.
553 4371 706 4439 Kiihnest
733 4395 764 4458 p.
790 4377 861 4439 180.
903 4373 972 4456 lug.
996 4377 1073 4460 78,3
1104 4372 1154 4438 uti
1181 4371 1355 4453 sustulit,

165 4483 238 4550 alta
259 4483 333 4566 alia,
355 4489 420 4550 otio
442 4489 474 4549 io
495 4493 672 4565 tempestate
691 4483 822 4550 vadosa.
852 4483 892 4549 ci.
914 4483 981 4549 Lis.
1005 4489 1055 4565 22,
1063 4525 1104 4571 56,
1116 4525 1133 4570 4
1151 4505 1211 4550 nee
1234 4483 1301 4549 ulla
1322 4483 1356 4550 in
