<?xml version="1.0" encoding="UTF-8"?>
<!DOCTYPE html PUBLIC "-//W3C//DTD XHTML 1.0 Transitional//EN"
    "http://www.w3.org/TR/xhtml1/DTD/xhtml1-transitional.dtd">
<html xmlns="http://www.w3.org/1999/xhtml" xml:lang="en" lang="en">
 <head>
  <title>
</title>
<meta http-equiv="Content-Type" content="text/html;charset=utf-8" />
  <meta name='ocr-system' content='tesseract 3.04.00' />
  <meta name='ocr-capabilities' content='ocr_page ocr_carea ocr_par ocr_line ocrx_word'/>
</head>
<body>
  <div class='ocr_page' id='page_1' title='image "./deablativosallu00chrigoog_0036.png"; bbox 0 0 3180 5276; ppageno 0'>
   <div class='ocr_carea' id='block_1_1' title="bbox 702 435 886 496">
    <p class='ocr_par' dir='ltr' id='par_1_1' title="bbox 702 435 886 496">
     <span class='ocr_line' id='line_1_1' title="bbox 702 435 886 496; baseline -0.005 -15"><span class='ocrx_word' id='word_1_1' title='bbox 702 435 886 496; x_wconf 75' lang='grc'><strong>,31-</strong></span> 
     </span>
    </p>
   </div>
   <div class='ocr_carea' id='block_1_2' title="bbox 149 618 1408 4180">
    <p class='ocr_par' dir='ltr' id='par_1_2' title="bbox 184 618 1379 1043">
     <span class='ocr_line' id='line_1_2' title="bbox 189 618 1378 706; baseline -0.002 -18"><span class='ocrx_word' id='word_1_2' title='bbox 189 626 237 688; x_wconf 88' lang='grc'><strong>16.</strong></span> <span class='ocrx_word' id='word_1_3' title='bbox 269 641 332 706; x_wconf 92' lang='lat' dir='ltr'>quo</span> <span class='ocrx_word' id='word_1_4' title='bbox 357 641 461 704; x_wconf 91' lang='lat' dir='ltr'>usque</span> <span class='ocrx_word' id='word_1_5' title='bbox 493 625 665 686; x_wconf 68' lang='lat' dir='ltr'>mactando</span> <span class='ocrx_word' id='word_1_6' title='bbox 694 639 763 684; x_wconf 91' lang='lat' dir='ltr'>rem</span> <span class='ocrx_word' id='word_1_7' title='bbox 783 619 950 704; x_wconf 79' lang='lat' dir='ltr'>publicam</span> <span class='ocrx_word' id='word_1_8' title='bbox 971 620 1111 685; x_wconf 84' lang='lat' dir='ltr'>intutam</span> <span class='ocrx_word' id='word_1_9' title='bbox 1132 618 1301 704; x_wconf 86' lang='lat' dir='ltr'>patiemini</span> <span class='ocrx_word' id='word_1_10' title='bbox 1324 620 1378 686; x_wconf 90' lang='lat' dir='ltr'>Or.</span> 
     </span>
     <span class='ocr_line' id='line_1_3' title="bbox 184 729 1378 818; baseline 0 -20"><span class='ocrx_word' id='word_1_11' title='bbox 184 733 269 800; x_wconf 88' lang='lat' dir='ltr'><strong>Phil.</strong></span> <span class='ocrx_word' id='word_1_12' title='bbox 294 737 496 818; x_wconf 83' lang='lat' dir='ltr'>17.-patrum</span> <span class='ocrx_word' id='word_1_13' title='bbox 518 732 652 798; x_wconf 87' lang='lat' dir='ltr'>decreta</span> <span class='ocrx_word' id='word_1_14' title='bbox 674 751 730 797; x_wconf 92' lang='lat' dir='ltr'>vos</span> <span class='ocrx_word' id='word_1_15' title='bbox 753 737 933 812; x_wconf 74' lang='lat' dir='ltr'>exequendo</span> <span class='ocrx_word' id='word_1_16' title='bbox 955 736 1030 798; x_wconf 88' lang='lat' dir='ltr'>rata</span> <span class='ocrx_word' id='word_1_17' title='bbox 1051 729 1180 797; x_wconf 89' lang='lat' dir='ltr'>efficitis</span> <span class='ocrx_word' id='word_1_18' title='bbox 1203 732 1256 798; x_wconf 90' lang='lat' dir='ltr'>Or.</span> <span class='ocrx_word' id='word_1_19' title='bbox 1277 731 1378 798; x_wconf 86' lang='lat' dir='ltr'>Mser.</span> 
     </span>
     <span class='ocr_line' id='line_1_4' title="bbox 186 844 1379 925; baseline -0.003 -13"><span class='ocrx_word' id='word_1_20' title='bbox 186 851 236 912; x_wconf 88' lang='grc'><strong>16.</strong></span> <span class='ocrx_word' id='word_1_21' title='bbox 265 849 446 912; x_wconf 88' lang='lat' dir='ltr'>restantem</span> <span class='ocrx_word' id='word_1_22' title='bbox 467 851 641 925; x_wconf 75' lang='lat' dir='ltr'>pugnando</span> <span class='ocrx_word' id='word_1_23' title='bbox 670 845 749 911; x_wconf 78' lang='lat' dir='ltr'>uicit</span> <span class='ocrx_word' id='word_1_24' title='bbox 776 844 815 910; x_wconf 89' lang='lat' dir='ltr'>fr.</span> <span class='ocrx_word' id='word_1_25' title='bbox 836 845 862 910; x_wconf 95' lang='grc' dir='ltr'><strong>Ι.</strong></span> <span class='ocrx_word' id='word_1_26' title='bbox 885 851 935 911; x_wconf 80' lang='lat'>75.</span> <span class='ocrx_word' id='word_1_27' title='bbox 979 844 1022 910; x_wconf 87' lang='lat' dir='ltr'>ad</span> <span class='ocrx_word' id='word_1_28' title='bbox 1044 844 1108 911; x_wconf 90' lang='lat' dir='ltr'>hoc</span> <span class='ocrx_word' id='word_1_29' title='bbox 1127 848 1300 910; x_wconf 72' lang='lat' dir='ltr'>rumoribus</span> <span class='ocrx_word' id='word_1_30' title='bbox 1322 844 1379 910; x_wconf 89' lang='lat' dir='ltr'>ad-</span> 
     </span>
     <span class='ocr_line' id='line_1_5' title="bbox 184 955 1311 1043; baseline -0.002 -19"><span class='ocrx_word' id='word_1_31' title='bbox 184 979 284 1025; x_wconf 90' lang='lat' dir='ltr'>vorsa</span> <span class='ocrx_word' id='word_1_32' title='bbox 306 959 341 1023; x_wconf 95' lang='lat' dir='ltr'>in</span> <span class='ocrx_word' id='word_1_33' title='bbox 360 957 558 1043; x_wconf 79' lang='lat' dir='ltr'>pravitatem</span> <span class='ocrx_word' id='word_1_34' title='bbox 652 961 836 1023; x_wconf 81' lang='lat' dir='ltr'>declinando</span> <span class='ocrx_word' id='word_1_35' title='bbox 860 956 1113 1042; x_wconf 82' lang='lat' dir='ltr'>corrumpebant</span> <span class='ocrx_word' id='word_1_36' title='bbox 1133 956 1172 1022; x_wconf 89' lang='lat' dir='ltr'>fr.</span> <span class='ocrx_word' id='word_1_37' title='bbox 1195 955 1236 1022; x_wconf 90' lang='lat'>11.</span> <span class='ocrx_word' id='word_1_38' title='bbox 1260 961 1311 1023; x_wconf 85' lang='lat'>30.</span> 
     </span>
    </p>

    <p class='ocr_par' dir='ltr' id='par_1_3' title="bbox 149 1067 1408 1940">
     <span class='ocr_line' id='line_1_6' title="bbox 271 1067 1379 1152; baseline -0.004 -16"><span class='ocrx_word' id='word_1_39' title='bbox 271 1070 336 1136; x_wconf 87' lang='lat' dir='ltr'>Res</span> <span class='ocrx_word' id='word_1_40' title='bbox 358 1075 431 1136; x_wconf 87' lang='lat' dir='ltr'>arte</span> <span class='ocrx_word' id='word_1_41' title='bbox 445 1070 554 1136; x_wconf 87' lang='lat' dir='ltr'>factae</span> <span class='ocrx_word' id='word_1_42' title='bbox 568 1069 679 1135; x_wconf 89' lang='lat' dir='ltr'>multis</span> <span class='ocrx_word' id='word_1_43' title='bbox 697 1068 777 1134; x_wconf 89' lang='lat' dir='ltr'>locis</span> <span class='ocrx_word' id='word_1_44' title='bbox 790 1067 975 1152; x_wconf 87' lang='lat' dir='ltr'>significant</span> <span class='ocrx_word' id='word_1_45' title='bbox 991 1069 1258 1136; x_wconf 79' lang='lat' dir='ltr'>instrumentum:</span> <span class='ocrx_word' id='word_1_46' title='bbox 1279 1067 1379 1133; x_wconf 88' lang='lat' dir='ltr'>liber·</span> 
     </span>
     <span class='ocr_line' id='line_1_7' title="bbox 187 1181 1378 1268; baseline -0.003 -20"><span class='ocrx_word' id='word_1_47' title='bbox 187 1187 291 1248; x_wconf 84' lang='lat' dir='ltr'>tatem</span> <span class='ocrx_word' id='word_1_48' title='bbox 313 1181 457 1268; x_wconf 87' lang='lat' dir='ltr'>patriam</span> <span class='ocrx_word' id='word_1_49' title='bbox 478 1187 632 1267; x_wconf 87' lang='lat' dir='ltr'>parentes</span> <span class='ocrx_word' id='word_1_50' title='bbox 653 1185 749 1247; x_wconf 72' lang='lat' dir='ltr'>ornus</span> <span class='ocrx_word' id='word_1_51' title='bbox 774 1186 886 1264; x_wconf 88' lang='lat' dir='ltr'>tegere</span> <span class='ocrx_word' id='word_1_52' title='bbox 910 1181 977 1246; x_wconf 90' lang='lat' dir='ltr'>Cat</span> <span class='ocrx_word' id='word_1_53' title='bbox 1002 1185 1062 1268; x_wconf 53' lang='lat' dir='ltr'>dg,</span> <span class='ocrx_word' id='word_1_54' title='bbox 1086 1186 1171 1266; x_wconf 71' lang='lat'><strong>36‚1‚</strong></span> <span class='ocrx_word' id='word_1_55' title='bbox 1200 1181 1269 1264; x_wconf 90' lang='lat' dir='ltr'>Iug.</span> <span class='ocrx_word' id='word_1_56' title='bbox 1293 1185 1378 1266; x_wconf 69' lang='lat'><strong>87,2.</strong></span> 
     </span>
     <span class='ocr_line' id='line_1_8' title="bbox 187 1291 1379 1380; baseline -0.001 -21"><span class='ocrx_word' id='word_1_57' title='bbox 187 1305 295 1360; x_wconf 82' lang='lat' dir='ltr'>tenere</span> <span class='ocrx_word' id='word_1_58' title='bbox 316 1294 386 1377; x_wconf 89' lang='lat' dir='ltr'>lug.</span> <span class='ocrx_word' id='word_1_59' title='bbox 409 1298 486 1380; x_wconf 45' lang='grc' dir='ltr'><strong>24η.</strong></span> <span class='ocrx_word' id='word_1_60' title='bbox 514 1299 611 1360; x_wconf 82' lang='lat' dir='ltr'>tutori</span> <span class='ocrx_word' id='word_1_61' title='bbox 639 1293 707 1377; x_wconf 88' lang='lat' dir='ltr'>Iug.</span> <span class='ocrx_word' id='word_1_62' title='bbox 740 1297 833 1379; x_wconf 60' lang='lat'>110‚⁶</span> <span class='ocrx_word' id='word_1_63' title='bbox 857 1297 917 1360; x_wconf 90' lang='lat' dir='ltr'>eto.</span> <span class='ocrx_word' id='word_1_64' title='bbox 960 1293 1079 1358; x_wconf 88' lang='lat' dir='ltr'>minari</span> <span class='ocrx_word' id='word_1_65' title='bbox 1106 1291 1269 1358; x_wconf 87' lang='lat' dir='ltr'>interdum</span> <span class='ocrx_word' id='word_1_66' title='bbox 1286 1299 1379 1372; x_wconf 80' lang='lat' dir='ltr'>ferro</span> 
     </span>
     <span class='ocr_line' id='line_1_9' title="bbox 185 1404 1378 1494; baseline -0.003 -22"><span class='ocrx_word' id='word_1_67' title='bbox 185 1406 255 1472; x_wconf 90' lang='lat' dir='ltr'>Cat.</span> <span class='ocrx_word' id='word_1_68' title='bbox 279 1411 363 1494; x_wconf 65' lang='lat'><strong>23‚3.</strong></span> <span class='ocrx_word' id='word_1_69' title='bbox 387 1413 482 1486; x_wconf 80' lang='lat' dir='ltr'>ferro</span> <span class='ocrx_word' id='word_1_70' title='bbox 511 1411 569 1472; x_wconf 89' lang='lat' dir='ltr'>aut</span> <span class='ocrx_word' id='word_1_71' title='bbox 597 1405 712 1472; x_wconf 87' lang='lat' dir='ltr'>bestiis</span> <span class='ocrx_word' id='word_1_72' title='bbox 740 1405 893 1472; x_wconf 87' lang='lat' dir='ltr'>interiere</span> <span class='ocrx_word' id='word_1_73' title='bbox 923 1405 992 1489; x_wconf 88' lang='lat' dir='ltr'>lug.</span> <span class='ocrx_word' id='word_1_74' title='bbox 1019 1410 1068 1485; x_wconf 84' lang='lat'>17,</span> <span class='ocrx_word' id='word_1_75' title='bbox 1078 1447 1103 1491; x_wconf 68' lang='lat'>5,</span> <span class='ocrx_word' id='word_1_76' title='bbox 1133 1404 1173 1469; x_wconf 90' lang='lat' dir='ltr'>cf.</span> <span class='ocrx_word' id='word_1_77' title='bbox 1195 1404 1264 1469; x_wconf 89' lang='lat' dir='ltr'>Cat</span> <span class='ocrx_word' id='word_1_78' title='bbox 1295 1409 1378 1490; x_wconf 45' lang='grc' dir='ltr'>58η,</span> 
     </span>
     <span class='ocr_line' id='line_1_10' title="bbox 184 1516 1408 1604; baseline -0.003 -20"><span class='ocrx_word' id='word_1_79' title='bbox 184 1519 254 1602; x_wconf 87' lang='lat' dir='ltr'>lug.</span> <span class='ocrx_word' id='word_1_80' title='bbox 278 1522 359 1604; x_wconf 75' lang='lat'>38‚9‚</span> <span class='ocrx_word' id='word_1_81' title='bbox 382 1523 458 1603; x_wconf 52' lang='lat'>42„</span> <span class='ocrx_word' id='word_1_82' title='bbox 481 1522 541 1584; x_wconf 90' lang='lat' dir='ltr'>otc.</span> <span class='ocrx_word' id='word_1_83' title='bbox 584 1523 689 1598; x_wconf 77' lang='lat' dir='ltr'>plodio</span> <span class='ocrx_word' id='word_1_84' title='bbox 712 1537 747 1582; x_wconf 90' lang='lat' dir='ltr'>se</span> <span class='ocrx_word' id='word_1_85' title='bbox 769 1539 789 1582; x_wconf 93' lang='lat' dir='ltr'>a</span> <span class='ocrx_word' id='word_1_86' title='bbox 810 1517 1018 1584; x_wconf 90' lang='lat' dir='ltr'>multitudine</span> <span class='ocrx_word' id='word_1_87' title='bbox 1050 1516 1195 1582; x_wconf 76' lang='lat' dir='ltr'>defendit</span> <span class='ocrx_word' id='word_1_88' title='bbox 1217 1516 1286 1582; x_wconf 87' lang='lat' dir='ltr'>Cat</span> <span class='ocrx_word' id='word_1_89' title='bbox 1310 1521 1408 1600; x_wconf 56' lang='lat' dir='ltr'>tog·</span> 
     </span>
     <span class='ocr_line' id='line_1_11' title="bbox 186 1629 1378 1716; baseline -0.003 -20"><span class='ocrx_word' id='word_1_90' title='bbox 186 1629 227 1696; x_wconf 90' lang='lat' dir='ltr'>cf.</span> <span class='ocrx_word' id='word_1_91' title='bbox 250 1636 334 1715; x_wconf 73' lang='lat'>49‚4‚</span> <span class='ocrx_word' id='word_1_92' title='bbox 356 1634 429 1716; x_wconf 51' lang='lat'>60„</span> <span class='ocrx_word' id='word_1_93' title='bbox 453 1633 513 1694; x_wconf 88' lang='lat' dir='ltr'>etc.</span> <span class='ocrx_word' id='word_1_94' title='bbox 549 1635 658 1710; x_wconf 79' lang='lat' dir='ltr'>laqueo</span> <span class='ocrx_word' id='word_1_95' title='bbox 680 1629 789 1712; x_wconf 84' lang='lat' dir='ltr'>gulam</span> <span class='ocrx_word' id='word_1_96' title='bbox 811 1629 938 1715; x_wconf 76' lang='lat' dir='ltr'>fregere</span> <span class='ocrx_word' id='word_1_97' title='bbox 960 1629 1029 1696; x_wconf 88' lang='lat' dir='ltr'>Cat.</span> <span class='ocrx_word' id='word_1_98' title='bbox 1054 1635 1136 1714; x_wconf 56' lang='lat' dir='ltr'>baffi.</span> <span class='ocrx_word' id='word_1_99' title='bbox 1160 1632 1233 1695; x_wconf 80' lang='lat' dir='ltr'>toto</span> <span class='ocrx_word' id='word_1_100' title='bbox 1251 1629 1378 1712; x_wconf 89' lang='lat' dir='ltr'>signum</span> 
     </span>
     <span class='ocr_line' id='line_1_12' title="bbox 149 1741 1378 1827; baseline -0.003 -19"><span class='ocrx_word' id='word_1_101' title='bbox 149 1755 155 1762; x_wconf 86' lang='lat'>&#39;</span> <span class='ocrx_word' id='word_1_102' title='bbox 187 1742 246 1808; x_wconf 86' lang='lat' dir='ltr'>dat</span> <span class='ocrx_word' id='word_1_103' title='bbox 265 1741 334 1807; x_wconf 91' lang='lat' dir='ltr'>Cat.</span> <span class='ocrx_word' id='word_1_104' title='bbox 356 1747 438 1827; x_wconf 53' lang='grc' dir='ltr'><strong>6οη.</strong></span> <span class='ocrx_word' id='word_1_105' title='bbox 467 1747 547 1806; x_wconf 85' lang='lat' dir='ltr'>collo</span> <span class='ocrx_word' id='word_1_106' title='bbox 576 1746 674 1826; x_wconf 85' lang='lat' dir='ltr'>atque</span> <span class='ocrx_word' id='word_1_107' title='bbox 699 1750 790 1823; x_wconf 84' lang='lat' dir='ltr'>fosso</span> <span class='ocrx_word' id='word_1_108' title='bbox 822 1741 951 1807; x_wconf 91' lang='lat' dir='ltr'>moenia</span> <span class='ocrx_word' id='word_1_109' title='bbox 984 1741 1166 1807; x_wconf 88' lang='lat' dir='ltr'>circumdat</span> <span class='ocrx_word' id='word_1_110' title='bbox 1192 1741 1261 1823; x_wconf 87' lang='lat' dir='ltr'>lug.</span> <span class='ocrx_word' id='word_1_111' title='bbox 1294 1745 1344 1820; x_wconf 81' lang='lat'>23,</span> <span class='ocrx_word' id='word_1_112' title='bbox 1354 1783 1378 1825; x_wconf 68' lang='lat'>1.</span> 
     </span>
     <span class='ocr_line' id='line_1_13' title="bbox 186 1854 779 1940; baseline 0 -22"><span class='ocrx_word' id='word_1_113' title='bbox 186 1857 280 1920; x_wconf 79' lang='lat' dir='ltr'>realis</span> <span class='ocrx_word' id='word_1_114' title='bbox 304 1854 425 1936; x_wconf 84' lang='lat' dir='ltr'>egressi</span> <span class='ocrx_word' id='word_1_115' title='bbox 445 1854 514 1937; x_wconf 86' lang='lat' dir='ltr'>lug.</span> <span class='ocrx_word' id='word_1_116' title='bbox 538 1859 611 1940; x_wconf 47' lang='lat' dir='ltr'>tom</span> <span class='ocrx_word' id='word_1_117' title='bbox 635 1859 695 1920; x_wconf 89' lang='lat' dir='ltr'>etc.</span> <span class='ocrx_word' id='word_1_118' title='bbox 719 1860 779 1920; x_wconf 88' lang='lat' dir='ltr'>eto.</span> 
     </span>
    </p>

    <p class='ocr_par' dir='ltr' id='par_1_4' title="bbox 186 1964 1383 4072">
     <span class='ocr_line' id='line_1_14' title="bbox 274 1964 1380 2050; baseline 0 -20"><span class='ocrx_word' id='word_1_119' title='bbox 274 1964 477 2050; x_wconf 89' lang='lat' dir='ltr'>Praepositio</span> <span class='ocrx_word' id='word_1_120' title='bbox 507 1986 536 2046; x_wconf 84' lang='lat' dir='ltr'>a,</span> <span class='ocrx_word' id='word_1_121' title='bbox 568 1985 652 2048; x_wconf 89' lang='lat' dir='ltr'>quae</span> <span class='ocrx_word' id='word_1_122' title='bbox 679 1966 854 2032; x_wconf 85' lang='lat' dir='ltr'>adhibetur</span> <span class='ocrx_word' id='word_1_123' title='bbox 874 1964 931 2031; x_wconf 93' lang='lat' dir='ltr'>ubi</span> <span class='ocrx_word' id='word_1_124' title='bbox 956 1985 1116 2044; x_wconf 81' lang='lat' dir='ltr'>perronae</span> <span class='ocrx_word' id='word_1_125' title='bbox 1145 1964 1289 2048; x_wconf 90' lang='lat' dir='ltr'>aliquam</span> <span class='ocrx_word' id='word_1_126' title='bbox 1310 1987 1380 2030; x_wconf 91' lang='lat' dir='ltr'>rem</span> 
     </span>
     <span class='ocr_line' id='line_1_15' title="bbox 188 2077 1380 2162; baseline -0.001 -20"><span class='ocrx_word' id='word_1_127' title='bbox 188 2077 343 2158; x_wconf 87' lang='lat' dir='ltr'>efficiunt,</span> <span class='ocrx_word' id='word_1_128' title='bbox 364 2082 475 2144; x_wconf 90' lang='lat' dir='ltr'>tamen</span> <span class='ocrx_word' id='word_1_129' title='bbox 492 2077 656 2144; x_wconf 89' lang='lat' dir='ltr'>interdum</span> <span class='ocrx_word' id='word_1_130' title='bbox 673 2082 766 2144; x_wconf 83' lang='lat' dir='ltr'>retur</span> <span class='ocrx_word' id='word_1_131' title='bbox 782 2077 991 2162; x_wconf 86' lang='lat' dir='ltr'>subjungitur</span> <span class='ocrx_word' id='word_1_132' title='bbox 1007 2097 1045 2143; x_wconf 91' lang='lat' dir='ltr'>eo</span> <span class='ocrx_word' id='word_1_133' title='bbox 1063 2077 1206 2157; x_wconf 82' lang='lat' dir='ltr'>consilio,</span> <span class='ocrx_word' id='word_1_134' title='bbox 1229 2081 1267 2143; x_wconf 87' lang='lat' dir='ltr'>ut</span> <span class='ocrx_word' id='word_1_135' title='bbox 1280 2097 1380 2142; x_wconf 87' lang='lat' dir='ltr'>causa</span> 
     </span>
     <span class='ocr_line' id='line_1_16' title="bbox 188 2188 1381 2274; baseline -0.001 -19"><span class='ocrx_word' id='word_1_136' title='bbox 188 2193 223 2255; x_wconf 91' lang='lat' dir='ltr'>et</span> <span class='ocrx_word' id='word_1_137' title='bbox 256 2190 348 2273; x_wconf 88' lang='lat' dir='ltr'>origo</span> <span class='ocrx_word' id='word_1_138' title='bbox 373 2190 477 2273; x_wconf 89' lang='lat' dir='ltr'>magis</span> <span class='ocrx_word' id='word_1_139' title='bbox 507 2189 715 2274; x_wconf 85' lang='lat' dir='ltr'>significetur.</span> <span class='ocrx_word' id='word_1_140' title='bbox 765 2188 932 2256; x_wconf 84' lang='lat' dir='ltr'>Abhorret</span> <span class='ocrx_word' id='word_1_141' title='bbox 970 2189 1101 2273; x_wconf 90' lang='lat' dir='ltr'>quidem</span> <span class='ocrx_word' id='word_1_142' title='bbox 1135 2189 1218 2254; x_wconf 90' lang='lat' dir='ltr'>haec</span> <span class='ocrx_word' id='word_1_143' title='bbox 1251 2189 1381 2254; x_wconf 88' lang='lat' dir='ltr'>dicendi</span> 
     </span>
     <span class='ocr_line' id='line_1_17' title="bbox 186 2287 1379 2387; baseline 0 -21"><span class='ocrx_word' id='word_1_144' title='bbox 186 2302 274 2367; x_wconf 88' lang='lat' dir='ltr'>ratio</span> <span class='ocrx_word' id='word_1_145' title='bbox 308 2299 350 2366; x_wconf 94' lang='lat' dir='ltr'>ab</span> <span class='ocrx_word' id='word_1_146' title='bbox 382 2323 443 2367; x_wconf 90' lang='lat' dir='ltr'>usu</span> <span class='ocrx_word' id='word_1_147' title='bbox 469 2287 629 2368; x_wconf 89' lang='lat' dir='ltr'>bonorum</span> <span class='ocrx_word' id='word_1_148' title='bbox 665 2302 876 2387; x_wconf 88' lang='lat' dir='ltr'>scriptorum,</span> <span class='ocrx_word' id='word_1_149' title='bbox 910 2305 1021 2368; x_wconf 86' lang='lat' dir='ltr'>tamen</span> <span class='ocrx_word' id='word_1_150' title='bbox 1055 2306 1186 2367; x_wconf 85' lang='lat' dir='ltr'>exstant</span> <span class='ocrx_word' id='word_1_151' title='bbox 1221 2301 1379 2386; x_wconf 84' lang='lat' dir='ltr'>exempla.</span> 
     </span>
     <span class='ocr_line' id='line_1_18' title="bbox 188 2412 1381 2497; baseline 0 -19"><span class='ocrx_word' id='word_1_152' title='bbox 188 2414 216 2478; x_wconf 87' lang='lat' dir='ltr'>E</span> <span class='ocrx_word' id='word_1_153' title='bbox 239 2413 394 2479; x_wconf 79' lang='lat' dir='ltr'>Sallustio</span> <span class='ocrx_word' id='word_1_154' title='bbox 415 2414 576 2497; x_wconf 83' lang='lat' dir='ltr'>congessi:</span> <span class='ocrx_word' id='word_1_155' title='bbox 598 2418 636 2481; x_wconf 93' lang='lat' dir='ltr'>ut</span> <span class='ocrx_word' id='word_1_156' title='bbox 657 2412 749 2480; x_wconf 91' lang='lat' dir='ltr'>vobis</span> <span class='ocrx_word' id='word_1_157' title='bbox 772 2415 898 2480; x_wconf 89' lang='lat' dir='ltr'>animus</span> <span class='ocrx_word' id='word_1_158' title='bbox 920 2418 958 2479; x_wconf 85' lang='lat' dir='ltr'>ab</span> <span class='ocrx_word' id='word_1_159' title='bbox 979 2418 1105 2494; x_wconf 72' lang='lat' dir='ltr'>ignavia</span> <span class='ocrx_word' id='word_1_160' title='bbox 1121 2418 1220 2497; x_wconf 88' lang='lat' dir='ltr'>atque</span> <span class='ocrx_word' id='word_1_161' title='bbox 1236 2418 1381 2479; x_wconf 66' lang='lat' dir='ltr'>noradin</span> 
     </span>
     <span class='ocr_line' id='line_1_19' title="bbox 188 2525 1381 2613; baseline 0 -23"><span class='ocrx_word' id='word_1_162' title='bbox 188 2529 363 2610; x_wconf 89' lang='lat' dir='ltr'>corruptus</span> <span class='ocrx_word' id='word_1_163' title='bbox 385 2526 429 2590; x_wconf 91' lang='lat' dir='ltr'>sit</span> <span class='ocrx_word' id='word_1_164' title='bbox 449 2526 517 2608; x_wconf 87' lang='lat' dir='ltr'>Ing.</span> <span class='ocrx_word' id='word_1_165' title='bbox 541 2531 625 2613; x_wconf 75' lang='lat' dir='ltr'>3l‚3‚</span> <span class='ocrx_word' id='word_1_166' title='bbox 655 2531 769 2592; x_wconf 87' lang='lat' dir='ltr'>contra</span> <span class='ocrx_word' id='word_1_167' title='bbox 789 2526 858 2610; x_wconf 90' lang='lat' dir='ltr'>Iug.</span> <span class='ocrx_word' id='word_1_168' title='bbox 881 2531 965 2613; x_wconf 77' lang='lat'>95‚3‚</span> <span class='ocrx_word' id='word_1_169' title='bbox 993 2525 1118 2591; x_wconf 92' lang='lat' dir='ltr'>familia</span> <span class='ocrx_word' id='word_1_170' title='bbox 1219 2526 1381 2590; x_wconf 85' lang='lat' dir='ltr'>exstincta</span> 
     </span>
     <span class='ocr_line' id='line_1_20' title="bbox 188 2637 1381 2723; baseline -0.001 -21"><span class='ocrx_word' id='word_1_171' title='bbox 188 2642 316 2718; x_wconf 70' lang='lat' dir='ltr'>ignaria</span> <span class='ocrx_word' id='word_1_172' title='bbox 337 2638 507 2723; x_wconf 86' lang='lat' dir='ltr'>majorum.</span> <span class='ocrx_word' id='word_1_173' title='bbox 552 2643 711 2705; x_wconf 80' lang='lat' dir='ltr'>aductus</span> <span class='ocrx_word' id='word_1_174' title='bbox 731 2637 934 2722; x_wconf 87' lang='lat' dir='ltr'>praedonum</span> <span class='ocrx_word' id='word_1_175' title='bbox 960 2637 1212 2723; x_wconf 84' lang='lat' dir='ltr'>myoparonibus</span> <span class='ocrx_word' id='word_1_176' title='bbox 1244 2638 1381 2702; x_wconf 83' lang='lat' dir='ltr'>eircum-</span> 
     </span>
     <span class='ocr_line' id='line_1_21' title="bbox 188 2748 1381 2834; baseline 0 -20"><span class='ocrx_word' id='word_1_177' title='bbox 188 2754 288 2815; x_wconf 88' lang='lat' dir='ltr'>venta</span> <span class='ocrx_word' id='word_1_178' title='bbox 319 2748 358 2814; x_wconf 91' lang='lat' dir='ltr'>fr.</span> <span class='ocrx_word' id='word_1_179' title='bbox 387 2749 444 2814; x_wconf 91' lang='lat' dir='ltr'><strong>III.</strong></span> <span class='ocrx_word' id='word_1_180' title='bbox 474 2754 523 2816; x_wconf 82' lang='lat'>56.</span> <span class='ocrx_word' id='word_1_181' title='bbox 568 2750 657 2834; x_wconf 85' lang='lat' dir='ltr'>quod</span> <span class='ocrx_word' id='word_1_182' title='bbox 688 2750 730 2817; x_wconf 92' lang='lat' dir='ltr'>ab</span> <span class='ocrx_word' id='word_1_183' title='bbox 761 2771 799 2817; x_wconf 94' lang='lat' dir='ltr'>eo</span> <span class='ocrx_word' id='word_1_184' title='bbox 829 2771 947 2834; x_wconf 89' lang='lat' dir='ltr'>genere</span> <span class='ocrx_word' id='word_1_185' title='bbox 977 2749 1177 2829; x_wconf 86' lang='lat' dir='ltr'>celebratus</span> <span class='ocrx_word' id='word_1_186' title='bbox 1200 2754 1381 2833; x_wconf 88' lang='lat' dir='ltr'>auctusque</span> 
     </span>
     <span class='ocr_line' id='line_1_22' title="bbox 190 2860 1381 2947; baseline -0.001 -21"><span class='ocrx_word' id='word_1_187' title='bbox 190 2866 263 2928; x_wconf 87' lang='lat' dir='ltr'>erat</span> <span class='ocrx_word' id='word_1_188' title='bbox 292 2860 360 2944; x_wconf 87' lang='lat' dir='ltr'>Ing.</span> <span class='ocrx_word' id='word_1_189' title='bbox 391 2865 475 2947; x_wconf 74' lang='lat'><strong>86‚3.</strong></span> <span class='ocrx_word' id='word_1_190' title='bbox 508 2883 586 2946; x_wconf 88' lang='lat' dir='ltr'>pars</span> <span class='ocrx_word' id='word_1_191' title='bbox 616 2862 723 2928; x_wconf 90' lang='lat' dir='ltr'>edocti</span> <span class='ocrx_word' id='word_1_192' title='bbox 751 2862 792 2929; x_wconf 91' lang='lat' dir='ltr'>ab</span> <span class='ocrx_word' id='word_1_193' title='bbox 824 2861 995 2928; x_wconf 89' lang='lat' dir='ltr'>nobilitate</span> <span class='ocrx_word' id='word_1_194' title='bbox 1025 2863 1094 2946; x_wconf 90' lang='lat' dir='ltr'>Iug.</span> <span class='ocrx_word' id='word_1_195' title='bbox 1125 2868 1209 2947; x_wconf 79' lang='lat'><strong>66,4.</strong></span> <span class='ocrx_word' id='word_1_196' title='bbox 1254 2861 1381 2927; x_wconf 85' lang='lat' dir='ltr'>Similes</span> 
     </span>
     <span class='ocr_line' id='line_1_23' title="bbox 188 2973 1382 3059; baseline -0.001 -21"><span class='ocrx_word' id='word_1_197' title='bbox 188 2974 279 3038; x_wconf 90' lang='lat' dir='ltr'>locos</span> <span class='ocrx_word' id='word_1_198' title='bbox 301 2994 319 3039; x_wconf 89' lang='lat' dir='ltr'>e</span> <span class='ocrx_word' id='word_1_199' title='bbox 339 2973 430 3040; x_wconf 80' lang='lat' dir='ltr'>Livio</span> <span class='ocrx_word' id='word_1_200' title='bbox 455 2979 601 3058; x_wconf 90' lang='lat' dir='ltr'>sumptos</span> <span class='ocrx_word' id='word_1_201' title='bbox 628 2973 726 3040; x_wconf 85' lang='lat' dir='ltr'>affert</span> <span class='ocrx_word' id='word_1_202' title='bbox 747 2973 898 3040; x_wconf 87' lang='lat' dir='ltr'>Kiihnast</span> <span class='ocrx_word' id='word_1_203' title='bbox 919 2996 950 3059; x_wconf 91' lang='lat' dir='ltr'>p.</span> <span class='ocrx_word' id='word_1_204' title='bbox 978 2979 1048 3040; x_wconf 82' lang='lat'><strong>159.</strong></span> <span class='ocrx_word' id='word_1_205' title='bbox 1084 2978 1198 3057; x_wconf 86' lang='lat' dir='ltr'>captus</span> <span class='ocrx_word' id='word_1_206' title='bbox 1221 2993 1242 3038; x_wconf 93' lang='lat' dir='ltr'>a</span> <span class='ocrx_word' id='word_1_207' title='bbox 1262 2974 1382 3039; x_wconf 87' lang='lat' dir='ltr'>Roma·</span> 
     </span>
     <span class='ocr_line' id='line_1_24' title="bbox 189 3084 1380 3172; baseline -0.001 -23"><span class='ocrx_word' id='word_1_208' title='bbox 189 3085 242 3150; x_wconf 91' lang='lat' dir='ltr'>nis</span> <span class='ocrx_word' id='word_1_209' title='bbox 270 3084 408 3150; x_wconf 89' lang='lat' dir='ltr'>navibus</span> <span class='ocrx_word' id='word_1_210' title='bbox 437 3089 489 3165; x_wconf 83' lang='lat'>25,</span> <span class='ocrx_word' id='word_1_211' title='bbox 497 3127 570 3172; x_wconf 56' lang='lat' dir='ltr'>m.</span> <span class='ocrx_word' id='word_1_212' title='bbox 611 3106 785 3171; x_wconf 85' lang='lat' dir='ltr'>oppressus</span> <span class='ocrx_word' id='word_1_213' title='bbox 815 3107 835 3152; x_wconf 94' lang='lat' dir='ltr'>a</span> <span class='ocrx_word' id='word_1_214' title='bbox 865 3085 1041 3152; x_wconf 90' lang='lat' dir='ltr'>tribunicia</span> <span class='ocrx_word' id='word_1_215' title='bbox 1075 3090 1239 3171; x_wconf 88' lang='lat' dir='ltr'>potestate</span> <span class='ocrx_word' id='word_1_216' title='bbox 1269 3090 1380 3171; x_wconf 70' lang='lat'>2,54‚5.</span> 
     </span>
     <span class='ocr_line' id='line_1_25' title="bbox 189 3196 1381 3284; baseline -0.002 -21"><span class='ocrx_word' id='word_1_217' title='bbox 189 3197 241 3263; x_wconf 90' lang='lat' dir='ltr'>Dc</span> <span class='ocrx_word' id='word_1_218' title='bbox 264 3196 420 3282; x_wconf 84' lang='lat' dir='ltr'>exemplis</span> <span class='ocrx_word' id='word_1_219' title='bbox 437 3197 640 3264; x_wconf 84' lang='lat' dir='ltr'>Caesarianis</span> <span class='ocrx_word' id='word_1_220' title='bbox 662 3198 772 3266; x_wconf 88' lang='lat' dir='ltr'>confer</span> <span class='ocrx_word' id='word_1_221' title='bbox 787 3197 922 3264; x_wconf 84' lang='lat' dir='ltr'>Fischer</span> <span class='ocrx_word' id='word_1_222' title='bbox 944 3201 962 3284; x_wconf 66' lang='grc' dir='ltr'>ξ</span> <span class='ocrx_word' id='word_1_223' title='bbox 981 3203 1031 3264; x_wconf 77' lang='grc'><strong>28.</strong></span> <span class='ocrx_word' id='word_1_224' title='bbox 1077 3198 1227 3263; x_wconf 86' lang='lat' dir='ltr'>cohortes</span> <span class='ocrx_word' id='word_1_225' title='bbox 1248 3197 1381 3262; x_wconf 91' lang='lat' dir='ltr'>intritae</span> 
     </span>
     <span class='ocr_line' id='line_1_26' title="bbox 191 3308 1381 3398; baseline -0.001 -24"><span class='ocrx_word' id='word_1_226' title='bbox 191 3312 231 3374; x_wconf 85' lang='lat' dir='ltr'>ab</span> <span class='ocrx_word' id='word_1_227' title='bbox 253 3308 367 3374; x_wconf 88' lang='lat' dir='ltr'>labore</span> <span class='ocrx_word' id='word_1_228' title='bbox 390 3315 485 3376; x_wconf 89' lang='lat' dir='ltr'>erant</span> <span class='ocrx_word' id='word_1_229' title='bbox 505 3308 582 3376; x_wconf 88' lang='lat' dir='ltr'>bell.</span> <span class='ocrx_word' id='word_1_230' title='bbox 605 3309 680 3393; x_wconf 88' lang='lat' dir='ltr'>gall.</span> <span class='ocrx_word' id='word_1_231' title='bbox 703 3316 731 3391; x_wconf 82' lang='lat'>3,</span> <span class='ocrx_word' id='word_1_232' title='bbox 739 3352 779 3398; x_wconf 66' lang='lat'>23,</span> <span class='ocrx_word' id='word_1_233' title='bbox 788 3353 813 3398; x_wconf 71' lang='lat'>2,</span> <span class='ocrx_word' id='word_1_234' title='bbox 840 3331 913 3376; x_wconf 90' lang='lat' dir='ltr'>oum</span> <span class='ocrx_word' id='word_1_235' title='bbox 935 3309 1087 3395; x_wconf 81' lang='lat' dir='ltr'>aquilifer</span> <span class='ocrx_word' id='word_1_236' title='bbox 1109 3331 1129 3375; x_wconf 88' lang='lat' dir='ltr'>a</span> <span class='ocrx_word' id='word_1_237' title='bbox 1149 3309 1272 3375; x_wconf 90' lang='lat' dir='ltr'>viribus</span> <span class='ocrx_word' id='word_1_238' title='bbox 1303 3308 1381 3374; x_wconf 89' lang='lat' dir='ltr'>defi·</span> 
     </span>
     <span class='ocr_line' id='line_1_27' title="bbox 191 3421 1381 3509; baseline 0.001 -24"><span class='ocrx_word' id='word_1_239' title='bbox 191 3423 323 3487; x_wconf 83' lang='lat' dir='ltr'>caretur</span> <span class='ocrx_word' id='word_1_240' title='bbox 351 3421 425 3488; x_wconf 91' lang='lat' dir='ltr'>bell.</span> <span class='ocrx_word' id='word_1_241' title='bbox 458 3421 541 3488; x_wconf 89' lang='lat' dir='ltr'>civil.</span> <span class='ocrx_word' id='word_1_242' title='bbox 564 3427 593 3487; x_wconf 87' lang='grc'>3.</span> <span class='ocrx_word' id='word_1_243' title='bbox 618 3427 701 3509; x_wconf 74' lang='lat'><strong>64‚3,</strong></span> <span class='ocrx_word' id='word_1_244' title='bbox 728 3422 767 3490; x_wconf 90' lang='lat' dir='ltr'>cf.</span> <span class='ocrx_word' id='word_1_245' title='bbox 791 3423 903 3489; x_wconf 89' lang='lat' dir='ltr'>Cicero</span> <span class='ocrx_word' id='word_1_246' title='bbox 925 3423 965 3489; x_wconf 91' lang='lat' dir='ltr'>de</span> <span class='ocrx_word' id='word_1_247' title='bbox 988 3422 1042 3488; x_wconf 88' lang='lat' dir='ltr'>off.</span> <span class='ocrx_word' id='word_1_248' title='bbox 1064 3423 1089 3488; x_wconf 90' lang='lat'>1.</span> <span class='ocrx_word' id='word_1_249' title='bbox 1113 3427 1162 3488; x_wconf 79' lang='lat'>32.</span> <span class='ocrx_word' id='word_1_250' title='bbox 1188 3427 1258 3487; x_wconf 87' lang='lat'>118.</span> <span class='ocrx_word' id='word_1_251' title='bbox 1281 3443 1301 3486; x_wconf 91' lang='lat' dir='ltr'>a</span> <span class='ocrx_word' id='word_1_252' title='bbox 1323 3441 1381 3486; x_wconf 91' lang='lat' dir='ltr'>na·</span> 
     </span>
     <span class='ocr_line' id='line_1_28' title="bbox 189 3534 1380 3622; baseline 0 -24"><span class='ocrx_word' id='word_1_253' title='bbox 189 3538 276 3599; x_wconf 90' lang='lat' dir='ltr'>tura</span> <span class='ocrx_word' id='word_1_254' title='bbox 298 3555 358 3618; x_wconf 89' lang='lat' dir='ltr'>pro</span> <span class='ocrx_word' id='word_1_255' title='bbox 380 3534 442 3618; x_wconf 89' lang='lat' dir='ltr'>leg.</span> <span class='ocrx_word' id='word_1_256' title='bbox 465 3555 533 3619; x_wconf 90' lang='lat' dir='ltr'>agr.</span> <span class='ocrx_word' id='word_1_257' title='bbox 558 3539 587 3616; x_wconf 82' lang='lat'>2,</span> <span class='ocrx_word' id='word_1_258' title='bbox 595 3575 685 3622; x_wconf 66' lang='lat'><strong>35‚95,</strong></span> <span class='ocrx_word' id='word_1_259' title='bbox 715 3536 843 3602; x_wconf 87' lang='lat' dir='ltr'>avitae</span> <span class='ocrx_word' id='word_1_260' title='bbox 867 3534 1109 3614; x_wconf 85' lang='lat' dir='ltr'>consuetudine,</span> <span class='ocrx_word' id='word_1_261' title='bbox 1131 3534 1251 3601; x_wconf 81' lang='lat' dir='ltr'>atalia</span> <span class='ocrx_word' id='word_1_262' title='bbox 1273 3555 1380 3599; x_wconf 90' lang='lat' dir='ltr'>exem·</span> 
     </span>
     <span class='ocr_line' id='line_1_29' title="bbox 190 3644 1383 3733; baseline 0 -24"><span class='ocrx_word' id='word_1_263' title='bbox 190 3645 257 3730; x_wconf 88' lang='lat' dir='ltr'>pla,</span> <span class='ocrx_word' id='word_1_264' title='bbox 287 3666 372 3730; x_wconf 85' lang='lat' dir='ltr'>quae</span> <span class='ocrx_word' id='word_1_265' title='bbox 403 3646 500 3714; x_wconf 87' lang='lat' dir='ltr'>affert</span> <span class='ocrx_word' id='word_1_266' title='bbox 528 3646 676 3731; x_wconf 88' lang='lat' dir='ltr'>Draeger</span> <span class='ocrx_word' id='word_1_267' title='bbox 699 3669 731 3732; x_wconf 94' lang='lat' dir='ltr'>p.</span> <span class='ocrx_word' id='word_1_268' title='bbox 759 3655 830 3716; x_wconf 81' lang='lat'><strong>549.</strong></span> <span class='ocrx_word' id='word_1_269' title='bbox 875 3647 941 3713; x_wconf 90' lang='lat' dir='ltr'>Ubi</span> <span class='ocrx_word' id='word_1_270' title='bbox 961 3667 1174 3733; x_wconf 85' lang='lat' dir='ltr'>personarum</span> <span class='ocrx_word' id='word_1_271' title='bbox 1200 3667 1301 3730; x_wconf 90' lang='lat' dir='ltr'>opera</span> <span class='ocrx_word' id='word_1_272' title='bbox 1323 3644 1383 3710; x_wconf 91' lang='lat' dir='ltr'>ali·</span> 
     </span>
     <span class='ocr_line' id='line_1_30' title="bbox 191 3756 1382 3845; baseline -0.001 -23"><span class='ocrx_word' id='word_1_273' title='bbox 191 3756 272 3841; x_wconf 91' lang='lat' dir='ltr'>quid</span> <span class='ocrx_word' id='word_1_274' title='bbox 308 3757 449 3825; x_wconf 89' lang='lat' dir='ltr'>efficitur</span> <span class='ocrx_word' id='word_1_275' title='bbox 486 3759 665 3825; x_wconf 76' lang='lat' dir='ltr'>invenimus</span> <span class='ocrx_word' id='word_1_276' title='bbox 693 3761 968 3845; x_wconf 88' lang='lat' dir='ltr'>praepositionem</span> <span class='ocrx_word' id='word_1_277' title='bbox 991 3780 1071 3840; x_wconf 79' lang='lat' dir='ltr'>per:</span> <span class='ocrx_word' id='word_1_278' title='bbox 1101 3758 1253 3825; x_wconf 83' lang='lat' dir='ltr'>muheres</span> <span class='ocrx_word' id='word_1_279' title='bbox 1283 3759 1382 3823; x_wconf 91' lang='lat' dir='ltr'>etiam</span> 
     </span>
     <span class='ocr_line' id='line_1_31' title="bbox 190 3869 1382 3956; baseline -0.001 -21"><span class='ocrx_word' id='word_1_280' title='bbox 190 3869 320 3954; x_wconf 89' lang='lat' dir='ltr'>aliquot</span> <span class='ocrx_word' id='word_1_281' title='bbox 411 3891 471 3956; x_wconf 89' lang='lat' dir='ltr'>per</span> <span class='ocrx_word' id='word_1_282' title='bbox 493 3891 549 3937; x_wconf 93' lang='lat' dir='ltr'>eas</span> <span class='ocrx_word' id='word_1_283' title='bbox 580 3891 615 3936; x_wconf 90' lang='lat' dir='ltr'>se</span> <span class='ocrx_word' id='word_1_284' title='bbox 638 3871 778 3939; x_wconf 83' lang='lat' dir='ltr'>Catilina</span> <span class='ocrx_word' id='word_1_285' title='bbox 809 3871 965 3939; x_wconf 89' lang='lat' dir='ltr'>credebat</span> <span class='ocrx_word' id='word_1_286' title='bbox 985 3891 1080 3956; x_wconf 89' lang='lat' dir='ltr'>posse</span> <span class='ocrx_word' id='word_1_287' title='bbox 1103 3870 1236 3936; x_wconf 89' lang='lat' dir='ltr'>servitia</span> <span class='ocrx_word' id='word_1_288' title='bbox 1254 3869 1382 3936; x_wconf 91' lang='lat' dir='ltr'>urbana</span> 
     </span>
     <span class='ocr_line' id='line_1_32' title="bbox 190 3981 1327 4072; baseline -0.001 -23"><span class='ocrx_word' id='word_1_289' title='bbox 190 3981 369 4049; x_wconf 89' lang='lat' dir='ltr'>sollicitare</span> <span class='ocrx_word' id='word_1_290' title='bbox 392 3981 461 4048; x_wconf 88' lang='lat' dir='ltr'>Cat.</span> <span class='ocrx_word' id='word_1_291' title='bbox 483 3988 567 4069; x_wconf 74' lang='lat'>24,4‚</span> <span class='ocrx_word' id='word_1_292' title='bbox 590 3983 630 4051; x_wconf 85' lang='lat' dir='ltr'>cf.</span> <span class='ocrx_word' id='word_1_293' title='bbox 652 3989 703 4064; x_wconf 83' lang='lat'>26,</span> <span class='ocrx_word' id='word_1_294' title='bbox 711 4025 737 4071; x_wconf 77' lang='lat'>3,</span> <span class='ocrx_word' id='word_1_295' title='bbox 760 3989 844 4072; x_wconf 76' lang='lat'>29‚3‚</span> <span class='ocrx_word' id='word_1_296' title='bbox 871 3988 1060 4070; x_wconf 65' lang='lat'>45‚1,46‚1‚</span> <span class='ocrx_word' id='word_1_297' title='bbox 1083 3989 1157 4068; x_wconf 57' lang='lat'>49„</span> <span class='ocrx_word' id='word_1_298' title='bbox 1184 3987 1244 4048; x_wconf 91' lang='lat' dir='ltr'>eto.</span> <span class='ocrx_word' id='word_1_299' title='bbox 1267 3988 1327 4049; x_wconf 88' lang='lat' dir='ltr'>eto.</span> 
     </span>
    </p>

    <p class='ocr_par' dir='ltr' id='par_1_5' title="bbox 280 4095 1382 4180">
     <span class='ocr_line' id='line_1_33' title="bbox 280 4095 1382 4180; baseline -0.002 -18"><span class='ocrx_word' id='word_1_300' title='bbox 280 4095 560 4162; x_wconf 82' lang='lat' dir='ltr'>Constructionem</span> <span class='ocrx_word' id='word_1_301' title='bbox 589 4095 695 4177; x_wconf 89' lang='lat' dir='ltr'>illam,</span> <span class='ocrx_word' id='word_1_302' title='bbox 728 4115 794 4180; x_wconf 91' lang='lat' dir='ltr'>qua</span> <span class='ocrx_word' id='word_1_303' title='bbox 821 4096 984 4163; x_wconf 83' lang='lat' dir='ltr'>ablativus</span> <span class='ocrx_word' id='word_1_304' title='bbox 1008 4096 1215 4161; x_wconf 83' lang='lat' dir='ltr'>instrumenti</span> <span class='ocrx_word' id='word_1_305' title='bbox 1246 4097 1382 4160; x_wconf 91' lang='lat' dir='ltr'>circum-</span> 
     </span>
    </p>
   </div>
   <div class='ocr_carea' id='block_1_3' title="bbox 190 4205 1381 4519">
    <p class='ocr_par' dir='ltr' id='par_1_6' title="bbox 190 4205 1381 4519">
     <span class='ocr_line' id='line_1_34' title="bbox 191 4205 1381 4293; baseline -0.003 -19"><span class='ocrx_word' id='word_1_306' title='bbox 191 4205 348 4274; x_wconf 88' lang='lat' dir='ltr'>scribitur</span> <span class='ocrx_word' id='word_1_307' title='bbox 374 4207 523 4274; x_wconf 87' lang='lat' dir='ltr'>vocibus:</span> <span class='ocrx_word' id='word_1_308' title='bbox 555 4228 664 4288; x_wconf 84' lang='lat' dir='ltr'>opera,</span> <span class='ocrx_word' id='word_1_309' title='bbox 694 4213 821 4289; x_wconf 74' lang='lat' dir='ltr'>auxilio,</span> <span class='ocrx_word' id='word_1_310' title='bbox 847 4208 935 4293; x_wconf 86' lang='lat' dir='ltr'>apud</span> <span class='ocrx_word' id='word_1_311' title='bbox 958 4206 1146 4274; x_wconf 84' lang='lat' dir='ltr'>Sallustium</span> <span class='ocrx_word' id='word_1_312' title='bbox 1175 4207 1297 4274; x_wconf 85' lang='lat' dir='ltr'>inveni:</span> <span class='ocrx_word' id='word_1_313' title='bbox 1327 4207 1381 4272; x_wconf 91' lang='lat' dir='ltr'>Or.</span> 
     </span>
     <span class='ocr_line' id='line_1_35' title="bbox 191 4319 1381 4404; baseline -0.003 -17"><span class='ocrx_word' id='word_1_314' title='bbox 191 4320 277 4387; x_wconf 90' lang='lat' dir='ltr'>Cott.</span> <span class='ocrx_word' id='word_1_315' title='bbox 296 4325 323 4384; x_wconf 91' lang='lat'>1.</span> <span class='ocrx_word' id='word_1_316' title='bbox 346 4321 466 4404; x_wconf 85' lang='lat' dir='ltr'>partim</span> <span class='ocrx_word' id='word_1_317' title='bbox 481 4319 610 4404; x_wconf 89' lang='lat' dir='ltr'>reppuli</span> <span class='ocrx_word' id='word_1_318' title='bbox 627 4327 753 4386; x_wconf 82' lang='lat' dir='ltr'>deorum</span> <span class='ocrx_word' id='word_1_319' title='bbox 768 4324 886 4387; x_wconf 78' lang='lat' dir='ltr'>auxilio</span> <span class='ocrx_word' id='word_1_320' title='bbox 907 4324 941 4386; x_wconf 90' lang='lat' dir='ltr'>et</span> <span class='ocrx_word' id='word_1_321' title='bbox 962 4321 1083 4388; x_wconf 89' lang='lat' dir='ltr'>virtute</span> <span class='ocrx_word' id='word_1_322' title='bbox 1105 4339 1186 4386; x_wconf 88' lang='lat' dir='ltr'>mea.</span> <span class='ocrx_word' id='word_1_323' title='bbox 1209 4319 1277 4402; x_wconf 87' lang='lat' dir='ltr'>Ing.</span> <span class='ocrx_word' id='word_1_324' title='bbox 1297 4324 1381 4404; x_wconf 75' lang='lat'><strong>53‚3‚</strong></span> 
     </span>
     <span class='ocr_line' id='line_1_36' title="bbox 190 4430 1381 4519; baseline -0.002 -21"><span class='ocrx_word' id='word_1_325' title='bbox 190 4437 313 4498; x_wconf 80' lang='lat' dir='ltr'>auxilio</span> <span class='ocrx_word' id='word_1_326' title='bbox 339 4433 444 4498; x_wconf 89' lang='lat' dir='ltr'>noctis</span> <span class='ocrx_word' id='word_1_327' title='bbox 475 4437 533 4498; x_wconf 93' lang='lat' dir='ltr'>aut</span> <span class='ocrx_word' id='word_1_328' title='bbox 562 4431 661 4498; x_wconf 82' lang='lat' dir='ltr'>collis</span> <span class='ocrx_word' id='word_1_329' title='bbox 692 4433 731 4498; x_wconf 89' lang='lat' dir='ltr'>of.</span> <span class='ocrx_word' id='word_1_330' title='bbox 756 4432 884 4498; x_wconf 86' lang='lat' dir='ltr'>Caesar.</span> <span class='ocrx_word' id='word_1_331' title='bbox 906 4432 980 4498; x_wconf 89' lang='lat' dir='ltr'>bell.</span> <span class='ocrx_word' id='word_1_332' title='bbox 1005 4431 1079 4515; x_wconf 89' lang='lat' dir='ltr'>gall.</span> <span class='ocrx_word' id='word_1_333' title='bbox 1103 4438 1181 4519; x_wconf 51' lang='lat' dir='ltr'>inp,</span> <span class='ocrx_word' id='word_1_334' title='bbox 1204 4430 1290 4516; x_wconf 91' lang='lat' dir='ltr'>quod</span> <span class='ocrx_word' id='word_1_335' title='bbox 1313 4433 1381 4518; x_wconf 75' lang='lat' dir='ltr'>eJ&#39;ns</span> 
     </span>
    </p>
   </div>
   <div class='ocr_carea' id='block_1_4' title="bbox 0 0 1602 5276">
    <p class='ocr_par' dir='ltr' id='par_1_7' title="bbox 0 0 1602 5276">
     <span class='ocr_line' id='line_1_37' title="bbox 0 0 1602 5276; baseline 0 0"><span class='ocrx_word' id='word_1_336' title='bbox 0 0 1602 5276; x_wconf 95' lang='lat' dir='ltr'> </span> 
     </span>
    </p>
   </div>
  </div>
 </body>
</html>
