<?xml version="1.0" encoding="UTF-8"?>
<!DOCTYPE html PUBLIC "-//W3C//DTD XHTML 1.0 Transitional//EN"
    "http://www.w3.org/TR/xhtml1/DTD/xhtml1-transitional.dtd">
<html xmlns="http://www.w3.org/1999/xhtml" xml:lang="en" lang="en">
 <head>
  <title>
</title>
<meta http-equiv="Content-Type" content="text/html;charset=utf-8" />
  <meta name='ocr-system' content='tesseract 3.04.00' />
  <meta name='ocr-capabilities' content='ocr_page ocr_carea ocr_par ocr_line ocrx_word'/>
</head>
<body>
  <div class='ocr_page' id='page_1' title='image "./deablativosallu00chrigoog_0088.png"; bbox 0 0 3180 5276; ppageno 0'>
   <div class='ocr_carea' id='block_1_1' title="bbox 623 485 831 546">
    <p class='ocr_par' dir='ltr' id='par_1_1' title="bbox 623 485 831 546">
     <span class='ocr_line' id='line_1_1' title="bbox 623 485 831 546; baseline 0.01 -18"><span class='ocrx_word' id='word_1_1' title='bbox 623 485 831 546; x_wconf 63' lang='lat'>..83.„</span> 
     </span>
    </p>
   </div>
   <div class='ocr_carea' id='block_1_2' title="bbox 84 655 1322 3774">
    <p class='ocr_par' dir='ltr' id='par_1_2' title="bbox 132 655 1321 1315">
     <span class='ocr_line' id='line_1_2' title="bbox 217 655 1320 760; baseline 0.009 -30"><span class='ocrx_word' id='word_1_2' title='bbox 217 687 258 731; x_wconf 79' lang='lat' dir='ltr'><strong>ex</strong></span> <span class='ocrx_word' id='word_1_3' title='bbox 281 671 450 731; x_wconf 81' lang='lat' dir='ltr'><strong>sententia:</strong></span> <span class='ocrx_word' id='word_1_4' title='bbox 474 690 557 751; x_wconf 87' lang='lat' dir='ltr'><strong>quae</strong></span> <span class='ocrx_word' id='word_1_5' title='bbox 580 655 754 752; x_wconf 76' lang='lat' dir='ltr'>postquam</span> <span class='ocrx_word' id='word_1_6' title='bbox 771 671 984 736; x_wconf 85' lang='lat' dir='ltr'><strong>exsententia</strong></span> <span class='ocrx_word' id='word_1_7' title='bbox 1002 672 1136 737; x_wconf 75' lang='lat' dir='ltr'><strong>instruit</strong></span> <span class='ocrx_word' id='word_1_8' title='bbox 1156 674 1320 760; x_wconf 77' lang='lat' dir='ltr'><strong>Iug.38‚4.</strong></span> 
     </span>
     <span class='ocr_line' id='line_1_3' title="bbox 132 779 1321 861; baseline 0.008 -19"><span class='ocrx_word' id='word_1_9' title='bbox 132 779 163 842; x_wconf 89' lang='lat' dir='ltr'><strong>id</strong></span> <span class='ocrx_word' id='word_1_10' title='bbox 182 785 247 843; x_wconf 89' lang='lat' dir='ltr'><strong>est:</strong></span> <span class='ocrx_word' id='word_1_11' title='bbox 272 785 327 858; x_wconf 85' lang='lat' dir='ltr'><strong>„ut</strong></span> <span class='ocrx_word' id='word_1_12' title='bbox 342 779 407 844; x_wconf 87' lang='lat' dir='ltr'><strong>fert</strong></span> <span class='ocrx_word' id='word_1_13' title='bbox 423 781 591 846; x_wconf 82' lang='lat' dir='ltr'><strong>voluntas“</strong></span> <span class='ocrx_word' id='word_1_14' title='bbox 615 783 717 861; x_wconf 85' lang='lat' dir='ltr'><strong>„nach</strong></span> <span class='ocrx_word' id='word_1_15' title='bbox 731 781 903 847; x_wconf 84' lang='lat' dir='ltr'><strong>Wunsch“.</strong></span> <span class='ocrx_word' id='word_1_16' title='bbox 927 804 967 848; x_wconf 86' lang='lat' dir='ltr'><strong>ex</strong></span> <span class='ocrx_word' id='word_1_17' title='bbox 989 785 1151 850; x_wconf 87' lang='lat' dir='ltr'><strong>sententia</strong></span> <span class='ocrx_word' id='word_1_18' title='bbox 1173 787 1321 852; x_wconf 88' lang='lat' dir='ltr'><strong>omnibus</strong></span> 
     </span>
     <span class='ocr_line' id='line_1_4' title="bbox 133 891 1321 979; baseline 0.008 -25"><span class='ocrx_word' id='word_1_19' title='bbox 133 891 229 956; x_wconf 89' lang='lat' dir='ltr'><strong>rebus</strong></span> <span class='ocrx_word' id='word_1_20' title='bbox 255 892 381 974; x_wconf 89' lang='lat' dir='ltr'><strong>paratis</strong></span> <span class='ocrx_word' id='word_1_21' title='bbox 410 892 478 975; x_wconf 89' lang='lat' dir='ltr'><strong>lug.</strong></span> <span class='ocrx_word' id='word_1_22' title='bbox 501 898 551 974; x_wconf 87' lang='lat'><strong>43,</strong></span> <span class='ocrx_word' id='word_1_23' title='bbox 565 934 589 979; x_wconf 79' lang='lat'><strong>5.</strong></span> <span class='ocrx_word' id='word_1_24' title='bbox 634 915 709 958; x_wconf 88' lang='lat' dir='ltr'><strong>nam</strong></span> <span class='ocrx_word' id='word_1_25' title='bbox 738 916 789 960; x_wconf 87' lang='lat' dir='ltr'><strong>me</strong></span> <span class='ocrx_word' id='word_1_26' title='bbox 814 895 944 978; x_wconf 87' lang='lat' dir='ltr'><strong>quidem</strong></span> <span class='ocrx_word' id='word_1_27' title='bbox 969 917 1009 960; x_wconf 88' lang='lat' dir='ltr'><strong>ex</strong></span> <span class='ocrx_word' id='word_1_28' title='bbox 1039 897 1138 962; x_wconf 89' lang='lat' dir='ltr'><strong>animi</strong></span> <span class='ocrx_word' id='word_1_29' title='bbox 1161 897 1321 963; x_wconf 86' lang='lat' dir='ltr'><strong>sententia</strong></span> 
     </span>
     <span class='ocr_line' id='line_1_5' title="bbox 133 1003 1321 1094; baseline 0.007 -28"><span class='ocrx_word' id='word_1_30' title='bbox 133 1003 220 1068; x_wconf 89' lang='lat' dir='ltr'><strong>nulla</strong></span> <span class='ocrx_word' id='word_1_31' title='bbox 243 1005 348 1068; x_wconf 89' lang='lat' dir='ltr'><strong>oratio</strong></span> <span class='ocrx_word' id='word_1_32' title='bbox 371 1004 501 1070; x_wconf 86' lang='lat' dir='ltr'><strong>laedere</strong></span> <span class='ocrx_word' id='word_1_33' title='bbox 524 1011 633 1089; x_wconf 88' lang='lat' dir='ltr'><strong>potest</strong></span> <span class='ocrx_word' id='word_1_34' title='bbox 663 1007 731 1090; x_wconf 90' lang='lat' dir='ltr'><strong>Iug.</strong></span> <span class='ocrx_word' id='word_1_35' title='bbox 755 1013 853 1094; x_wconf 53' lang='lat' dir='ltr'><strong>Sam.</strong></span> <span class='ocrx_word' id='word_1_36' title='bbox 899 1013 1030 1073; x_wconf 86' lang='lat' dir='ltr'><strong>sanetus</strong></span> <span class='ocrx_word' id='word_1_37' title='bbox 1062 1009 1111 1074; x_wconf 84' lang='lat' dir='ltr'><strong>vir</strong></span> <span class='ocrx_word' id='word_1_38' title='bbox 1133 1014 1166 1073; x_wconf 88' lang='lat' dir='ltr'><strong>et</strong></span> <span class='ocrx_word' id='word_1_39' title='bbox 1187 1031 1228 1074; x_wconf 86' lang='lat' dir='ltr'><strong>ex</strong></span> <span class='ocrx_word' id='word_1_40' title='bbox 1250 1029 1321 1074; x_wconf 82' lang='lat' dir='ltr'><strong>sen-</strong></span> 
     </span>
     <span class='ocr_line' id='line_1_6' title="bbox 132 1115 1321 1203; baseline 0.007 -25"><span class='ocrx_word' id='word_1_41' title='bbox 132 1117 234 1180; x_wconf 89' lang='lat' dir='ltr'><strong>tentia</strong></span> <span class='ocrx_word' id='word_1_42' title='bbox 257 1115 415 1182; x_wconf 87' lang='lat' dir='ltr'><strong>ambobus</strong></span> <span class='ocrx_word' id='word_1_43' title='bbox 436 1116 504 1202; x_wconf 89' lang='lat' dir='ltr'><strong>lug.</strong></span> <span class='ocrx_word' id='word_1_44' title='bbox 533 1123 602 1197; x_wconf 82' lang='lat'>109,</span> <span class='ocrx_word' id='word_1_45' title='bbox 612 1159 636 1203; x_wconf 76' lang='lat'><strong>4.</strong></span> <span class='ocrx_word' id='word_1_46' title='bbox 680 1124 713 1184; x_wconf 91' lang='lat' dir='ltr'><strong>et</strong></span> <span class='ocrx_word' id='word_1_47' title='bbox 736 1137 776 1184; x_wconf 87' lang='lat' dir='ltr'><strong>ex</strong></span> <span class='ocrx_word' id='word_1_48' title='bbox 798 1118 886 1184; x_wconf 85' lang='lat' dir='ltr'><strong>illius</strong></span> <span class='ocrx_word' id='word_1_49' title='bbox 910 1121 1071 1185; x_wconf 87' lang='lat' dir='ltr'><strong>sententia</strong></span> <span class='ocrx_word' id='word_1_50' title='bbox 1093 1121 1253 1186; x_wconf 81' lang='lat' dir='ltr'>Numidae</span> <span class='ocrx_word' id='word_1_51' title='bbox 1272 1122 1321 1185; x_wconf 91' lang='lat' dir='ltr'><strong>in·</strong></span> 
     </span>
     <span class='ocr_line' id='line_1_7' title="bbox 134 1227 578 1315; baseline 0.005 -24"><span class='ocrx_word' id='word_1_52' title='bbox 134 1227 232 1292; x_wconf 89' lang='lat' dir='ltr'><strong>sidias</strong></span> <span class='ocrx_word' id='word_1_53' title='bbox 254 1228 360 1294; x_wconf 90' lang='lat' dir='ltr'><strong>tendit</strong></span> <span class='ocrx_word' id='word_1_54' title='bbox 381 1230 448 1312; x_wconf 88' lang='lat' dir='ltr'><strong>lug.</strong></span> <span class='ocrx_word' id='word_1_55' title='bbox 475 1235 545 1309; x_wconf 84' lang='lat'>113,</span> <span class='ocrx_word' id='word_1_56' title='bbox 554 1271 578 1315; x_wconf 76' lang='lat'><strong>4.</strong></span> 
     </span>
    </p>

    <p class='ocr_par' dir='ltr' id='par_1_3' title="bbox 131 1341 1322 1854">
     <span class='ocr_line' id='line_1_8' title="bbox 217 1341 1321 1431; baseline 0.005 -27"><span class='ocrx_word' id='word_1_57' title='bbox 217 1360 258 1404; x_wconf 80' lang='lat' dir='ltr'><strong>ex</strong></span> <span class='ocrx_word' id='word_1_58' title='bbox 285 1346 375 1419; x_wconf 83' lang='lat' dir='ltr'><strong>eopia</strong></span> <span class='ocrx_word' id='word_1_59' title='bbox 402 1363 528 1406; x_wconf 84' lang='lat' dir='ltr'><strong>rerum:</strong></span> <span class='ocrx_word' id='word_1_60' title='bbox 566 1341 682 1406; x_wconf 80' lang='lat' dir='ltr'><strong>statuit</strong></span> <span class='ocrx_word' id='word_1_61' title='bbox 714 1342 775 1408; x_wconf 87' lang='lat' dir='ltr'><strong>sibi</strong></span> <span class='ocrx_word' id='word_1_62' title='bbox 807 1343 886 1408; x_wconf 88' lang='lat' dir='ltr'><strong>nihil</strong></span> <span class='ocrx_word' id='word_1_63' title='bbox 920 1343 1110 1426; x_wconf 87' lang='lat' dir='ltr'><strong>agitandum</strong></span> <span class='ocrx_word' id='word_1_64' title='bbox 1145 1344 1212 1428; x_wconf 88' lang='lat' dir='ltr'><strong>lug.</strong></span> <span class='ocrx_word' id='word_1_65' title='bbox 1237 1349 1321 1431; x_wconf 72' lang='lat'><strong>39‚5.</strong></span> 
     </span>
     <span class='ocr_line' id='line_1_9' title="bbox 131 1453 1322 1540; baseline 0.005 -25"><span class='ocrx_word' id='word_1_66' title='bbox 131 1457 239 1516; x_wconf 88' lang='lat' dir='ltr'><strong>tamen</strong></span> <span class='ocrx_word' id='word_1_67' title='bbox 264 1473 303 1516; x_wconf 89' lang='lat' dir='ltr'><strong>ex</strong></span> <span class='ocrx_word' id='word_1_68' title='bbox 333 1453 427 1537; x_wconf 86' lang='lat' dir='ltr'><strong>eopia</strong></span> <span class='ocrx_word' id='word_1_69' title='bbox 458 1454 545 1535; x_wconf 87' lang='lat' dir='ltr'><strong>qued</strong></span> <span class='ocrx_word' id='word_1_70' title='bbox 576 1455 731 1536; x_wconf 90' lang='lat' dir='ltr'><strong>optimum</strong></span> <span class='ocrx_word' id='word_1_71' title='bbox 766 1455 938 1520; x_wconf 82' lang='lat' dir='ltr'><strong>vitlehatur</strong></span> <span class='ocrx_word' id='word_1_72' title='bbox 960 1457 1027 1538; x_wconf 89' lang='lat' dir='ltr'><strong>lug.</strong></span> <span class='ocrx_word' id='word_1_73' title='bbox 1052 1462 1134 1540; x_wconf 76' lang='lat'>54,9.</span> <span class='ocrx_word' id='word_1_74' title='bbox 1178 1456 1258 1522; x_wconf 85' lang='lat' dir='ltr'><strong>lonis</strong></span> <span class='ocrx_word' id='word_1_75' title='bbox 1281 1477 1322 1521; x_wconf 84' lang='lat' dir='ltr'><strong>ex</strong></span> 
     </span>
     <span class='ocr_line' id='line_1_10' title="bbox 132 1564 1322 1652; baseline 0.005 -25"><span class='ocrx_word' id='word_1_76' title='bbox 132 1564 225 1648; x_wconf 87' lang='lat' dir='ltr'><strong>eopia</strong></span> <span class='ocrx_word' id='word_1_77' title='bbox 246 1564 386 1629; x_wconf 86' lang='lat' dir='ltr'><strong>maxime</strong></span> <span class='ocrx_word' id='word_1_78' title='bbox 406 1565 531 1629; x_wconf 82' lang='lat' dir='ltr'><strong>idoneis</strong></span> <span class='ocrx_word' id='word_1_79' title='bbox 555 1566 667 1630; x_wconf 84' lang='lat' dir='ltr'><strong>vineas</strong></span> <span class='ocrx_word' id='word_1_80' title='bbox 699 1587 797 1648; x_wconf 83' lang='lat' dir='ltr'><strong>agere</strong></span> <span class='ocrx_word' id='word_1_81' title='bbox 821 1567 888 1648; x_wconf 90' lang='lat' dir='ltr'><strong>lug.</strong></span> <span class='ocrx_word' id='word_1_82' title='bbox 914 1572 995 1652; x_wconf 71' lang='lat'>76‚3.</span> <span class='ocrx_word' id='word_1_83' title='bbox 1040 1572 1110 1632; x_wconf 89' lang='lat' dir='ltr'><strong>tum</strong></span> <span class='ocrx_word' id='word_1_84' title='bbox 1133 1567 1257 1632; x_wconf 90' lang='lat' dir='ltr'><strong>Marius</strong></span> <span class='ocrx_word' id='word_1_85' title='bbox 1281 1589 1322 1633; x_wconf 88' lang='lat' dir='ltr'><strong>ex</strong></span> 
     </span>
     <span class='ocr_line' id='line_1_11' title="bbox 132 1677 1321 1764; baseline 0.004 -25"><span class='ocrx_word' id='word_1_86' title='bbox 132 1677 225 1759; x_wconf 85' lang='lat' dir='ltr'><strong>copia</strong></span> <span class='ocrx_word' id='word_1_87' title='bbox 245 1697 354 1742; x_wconf 88' lang='lat' dir='ltr'><strong>rerum</strong></span> <span class='ocrx_word' id='word_1_88' title='bbox 385 1677 553 1741; x_wconf 85' lang='lat' dir='ltr'><strong>eonsilium</strong></span> <span class='ocrx_word' id='word_1_89' title='bbox 584 1677 687 1742; x_wconf 90' lang='lat' dir='ltr'><strong>trahit</strong></span> <span class='ocrx_word' id='word_1_90' title='bbox 717 1679 785 1760; x_wconf 90' lang='lat' dir='ltr'><strong>lug.</strong></span> <span class='ocrx_word' id='word_1_91' title='bbox 810 1684 893 1764; x_wconf 80' lang='lat'><strong>98,3.</strong></span> <span class='ocrx_word' id='word_1_92' title='bbox 939 1679 1027 1761; x_wconf 87' lang='lat' dir='ltr'><strong>qued</strong></span> <span class='ocrx_word' id='word_1_93' title='bbox 1052 1701 1092 1744; x_wconf 86' lang='lat' dir='ltr'><strong>ex</strong></span> <span class='ocrx_word' id='word_1_94' title='bbox 1117 1680 1212 1764; x_wconf 86' lang='lat' dir='ltr'><strong>copia</strong></span> <span class='ocrx_word' id='word_1_95' title='bbox 1237 1681 1321 1764; x_wconf 88' lang='lat' dir='ltr'><strong>opti-</strong></span> 
     </span>
     <span class='ocr_line' id='line_1_12' title="bbox 132 1787 689 1854; baseline 0.007 -4"><span class='ocrx_word' id='word_1_96' title='bbox 132 1809 218 1851; x_wconf 92' lang='lat' dir='ltr'><strong>mum</strong></span> <span class='ocrx_word' id='word_1_97' title='bbox 241 1787 413 1854; x_wconf 85' lang='lat' dir='ltr'><strong>videbatur</strong></span> <span class='ocrx_word' id='word_1_98' title='bbox 435 1787 474 1853; x_wconf 85' lang='lat' dir='ltr'><strong>fr.</strong></span> <span class='ocrx_word' id='word_1_99' title='bbox 494 1788 550 1854; x_wconf 89' lang='lat' dir='ltr'><strong>III.</strong></span> <span class='ocrx_word' id='word_1_100' title='bbox 576 1795 615 1854; x_wconf 82' lang='grc'><strong>67</strong></span> <span class='ocrx_word' id='word_1_101' title='bbox 628 1791 689 1854; x_wconf 65' lang='grc' dir='ltr'>(Ἡ).</span> 
     </span>
    </p>

    <p class='ocr_par' dir='ltr' id='par_1_4' title="bbox 134 1902 1321 2101">
     <span class='ocr_line' id='line_1_13' title="bbox 218 1902 1320 1988; baseline 0.005 -24"><span class='ocrx_word' id='word_1_102' title='bbox 218 1921 258 1964; x_wconf 83' lang='lat' dir='ltr'><strong>ex</strong></span> <span class='ocrx_word' id='word_1_103' title='bbox 280 1907 515 1966; x_wconf 77' lang='lat' dir='ltr'><strong>consuetudine.-</strong></span> <span class='ocrx_word' id='word_1_104' title='bbox 535 1906 628 1966; x_wconf 88' lang='lat' dir='ltr'><strong>ratus</strong></span> <span class='ocrx_word' id='word_1_105' title='bbox 644 1922 745 1984; x_wconf 87' lang='lat' dir='ltr'><strong>opera</strong></span> <span class='ocrx_word' id='word_1_106' title='bbox 764 1907 821 1966; x_wconf 90' lang='lat' dir='ltr'><strong>aut</strong></span> <span class='ocrx_word' id='word_1_107' title='bbox 841 1902 970 1984; x_wconf 89' lang='lat' dir='ltr'><strong>ingenio</strong></span> <span class='ocrx_word' id='word_1_108' title='bbox 987 1923 1045 1966; x_wconf 91' lang='lat' dir='ltr'><strong>suo</strong></span> <span class='ocrx_word' id='word_1_109' title='bbox 1064 1923 1145 1987; x_wconf 91' lang='lat' dir='ltr'><strong>opus</strong></span> <span class='ocrx_word' id='word_1_110' title='bbox 1165 1923 1235 1970; x_wconf 89' lang='lat' dir='ltr'><strong>esse</strong></span> <span class='ocrx_word' id='word_1_111' title='bbox 1251 1904 1320 1988; x_wconf 82' lang='lat' dir='ltr'><strong>lug.</strong></span> 
     </span>
     <span class='ocr_line' id='line_1_14' title="bbox 134 2012 1321 2101; baseline 0.006 -27"><span class='ocrx_word' id='word_1_112' title='bbox 134 2016 181 2091; x_wconf 79' lang='lat'><strong>71,</strong></span> <span class='ocrx_word' id='word_1_113' title='bbox 187 2053 211 2097; x_wconf 73' lang='lat'><strong>4.</strong></span> <span class='ocrx_word' id='word_1_114' title='bbox 235 2012 317 2077; x_wconf 88' lang='lat' dir='ltr'><strong>bene</strong></span> <span class='ocrx_word' id='word_1_115' title='bbox 331 2013 440 2078; x_wconf 83' lang='lat' dir='ltr'><strong>facere</strong></span> <span class='ocrx_word' id='word_1_116' title='bbox 455 2015 522 2097; x_wconf 89' lang='lat' dir='ltr'><strong>jam</strong></span> <span class='ocrx_word' id='word_1_117' title='bbox 536 2033 575 2078; x_wconf 88' lang='lat' dir='ltr'><strong>ex</strong></span> <span class='ocrx_word' id='word_1_118' title='bbox 590 2013 821 2078; x_wconf 87' lang='lat' dir='ltr'><strong>consuetudine</strong></span> <span class='ocrx_word' id='word_1_119' title='bbox 835 2013 868 2076; x_wconf 92' lang='lat' dir='ltr'><strong>in</strong></span> <span class='ocrx_word' id='word_1_120' title='bbox 882 2018 1034 2079; x_wconf 88' lang='lat' dir='ltr'><strong>naturam</strong></span> <span class='ocrx_word' id='word_1_121' title='bbox 1050 2016 1150 2079; x_wconf 86' lang='lat' dir='ltr'><strong>vortit</strong></span> <span class='ocrx_word' id='word_1_122' title='bbox 1162 2015 1230 2098; x_wconf 85' lang='lat' dir='ltr'><strong>Ing.</strong></span> <span class='ocrx_word' id='word_1_123' title='bbox 1240 2021 1321 2101; x_wconf 73' lang='lat'><strong>85,9.</strong></span> 
     </span>
    </p>

    <p class='ocr_par' dir='ltr' id='par_1_5' title="bbox 135 2124 1322 2322">
     <span class='ocr_line' id='line_1_15' title="bbox 216 2124 1322 2211; baseline 0.004 -23"><span class='ocrx_word' id='word_1_124' title='bbox 216 2145 256 2188; x_wconf 80' lang='lat' dir='ltr'><strong>ea</strong></span> <span class='ocrx_word' id='word_1_125' title='bbox 278 2131 407 2189; x_wconf 83' lang='lat' dir='ltr'><strong>aliorum</strong></span> <span class='ocrx_word' id='word_1_126' title='bbox 429 2146 528 2190; x_wconf 83' lang='lat' dir='ltr'><strong>more:</strong></span> <span class='ocrx_word' id='word_1_127' title='bbox 551 2145 655 2208; x_wconf 89' lang='lat' dir='ltr'><strong>neque</strong></span> <span class='ocrx_word' id='word_1_128' title='bbox 679 2124 713 2188; x_wconf 81' lang='lat' dir='ltr'><strong>id</strong></span> <span class='ocrx_word' id='word_1_129' title='bbox 734 2131 862 2208; x_wconf 91' lang='lat' dir='ltr'><strong>tempus</strong></span> <span class='ocrx_word' id='word_1_130' title='bbox 884 2146 924 2189; x_wconf 86' lang='lat' dir='ltr'><strong>ex</strong></span> <span class='ocrx_word' id='word_1_131' title='bbox 947 2126 1083 2191; x_wconf 86' lang='lat' dir='ltr'><strong>aliorum</strong></span> <span class='ocrx_word' id='word_1_132' title='bbox 1103 2147 1194 2193; x_wconf 87' lang='lat' dir='ltr'><strong>more</strong></span> <span class='ocrx_word' id='word_1_133' title='bbox 1219 2128 1322 2211; x_wconf 87' lang='lat' dir='ltr'><strong>quieti</strong></span> 
     </span>
     <span class='ocr_line' id='line_1_16' title="bbox 135 2235 734 2322; baseline 0.002 -23"><span class='ocrx_word' id='word_1_134' title='bbox 135 2237 189 2299; x_wconf 90' lang='lat' dir='ltr'><strong>aut</strong></span> <span class='ocrx_word' id='word_1_135' title='bbox 213 2235 362 2300; x_wconf 78' lang='lat' dir='ltr'><strong>luxuriae</strong></span> <span class='ocrx_word' id='word_1_136' title='bbox 386 2237 535 2301; x_wconf 83' lang='lat' dir='ltr'><strong>concedit</strong></span> <span class='ocrx_word' id='word_1_137' title='bbox 556 2236 625 2319; x_wconf 84' lang='lat' dir='ltr'><strong>lug.</strong></span> <span class='ocrx_word' id='word_1_138' title='bbox 651 2242 734 2322; x_wconf 71' lang='lat'>61‚3.</span> 
     </span>
    </p>

    <p class='ocr_par' dir='ltr' id='par_1_6' title="bbox 135 2349 1320 2546">
     <span class='ocr_line' id='line_1_17' title="bbox 216 2349 1320 2431; baseline 0.004 -19"><span class='ocrx_word' id='word_1_139' title='bbox 216 2367 256 2412; x_wconf 80' lang='lat' dir='ltr'><strong>ex</strong></span> <span class='ocrx_word' id='word_1_140' title='bbox 279 2352 440 2413; x_wconf 71' lang='lat' dir='ltr'><strong>enutritione</strong></span> <span class='ocrx_word' id='word_1_141' title='bbox 461 2370 548 2414; x_wconf 85' lang='lat' dir='ltr'><strong>meu:</strong></span> <span class='ocrx_word' id='word_1_142' title='bbox 572 2349 776 2431; x_wconf 89' lang='lat' dir='ltr'><strong>hiememque</strong></span> <span class='ocrx_word' id='word_1_143' title='bbox 796 2349 912 2414; x_wconf 81' lang='lat' dir='ltr'><strong>eastris</strong></span> <span class='ocrx_word' id='word_1_144' title='bbox 929 2350 1014 2414; x_wconf 85' lang='lat' dir='ltr'><strong>inter</strong></span> <span class='ocrx_word' id='word_1_145' title='bbox 1037 2351 1241 2416; x_wconf 86' lang='lat' dir='ltr'><strong>saevissimos</strong></span> <span class='ocrx_word' id='word_1_146' title='bbox 1263 2351 1320 2416; x_wconf 89' lang='lat' dir='ltr'><strong>ho·</strong></span> 
     </span>
     <span class='ocr_line' id='line_1_18' title="bbox 135 2461 1319 2546; baseline 0.005 -24"><span class='ocrx_word' id='word_1_147' title='bbox 135 2465 205 2540; x_wconf 68' lang='lat' dir='ltr'><strong>stes,</strong></span> <span class='ocrx_word' id='word_1_148' title='bbox 228 2480 292 2524; x_wconf 92' lang='lat' dir='ltr'><strong>non</strong></span> <span class='ocrx_word' id='word_1_149' title='bbox 314 2481 374 2543; x_wconf 88' lang='lat' dir='ltr'><strong>per</strong></span> <span class='ocrx_word' id='word_1_150' title='bbox 396 2461 517 2544; x_wconf 86' lang='lat' dir='ltr'><strong>oppida</strong></span> <span class='ocrx_word' id='word_1_151' title='bbox 538 2481 644 2544; x_wconf 85' lang='lat' dir='ltr'><strong>neque</strong></span> <span class='ocrx_word' id='word_1_152' title='bbox 668 2483 708 2525; x_wconf 87' lang='lat' dir='ltr'><strong>ex</strong></span> <span class='ocrx_word' id='word_1_153' title='bbox 733 2461 909 2525; x_wconf 83' lang='lat' dir='ltr'><strong>ambitione</strong></span> <span class='ocrx_word' id='word_1_154' title='bbox 932 2481 1006 2525; x_wconf 90' lang='lat' dir='ltr'><strong>mea</strong></span> <span class='ocrx_word' id='word_1_155' title='bbox 1027 2462 1078 2544; x_wconf 89' lang='lat' dir='ltr'><strong>egi</strong></span> <span class='ocrx_word' id='word_1_156' title='bbox 1101 2463 1159 2546; x_wconf 81' lang='lat' dir='ltr'><strong>Ep.</strong></span> <span class='ocrx_word' id='word_1_157' title='bbox 1169 2463 1279 2546; x_wconf 86' lang='lat' dir='ltr'><strong>Pomp.</strong></span> <span class='ocrx_word' id='word_1_158' title='bbox 1291 2470 1319 2529; x_wconf 84' lang='lat'><strong>5.</strong></span> 
     </span>
    </p>

    <p class='ocr_par' dir='ltr' id='par_1_7' title="bbox 132 2573 1322 2770">
     <span class='ocr_line' id='line_1_19' title="bbox 216 2573 1322 2658; baseline 0.005 -24"><span class='ocrx_word' id='word_1_159' title='bbox 216 2593 255 2635; x_wconf 79' lang='lat' dir='ltr'><strong>ex</strong></span> <span class='ocrx_word' id='word_1_160' title='bbox 279 2581 431 2652; x_wconf 78' lang='lat' dir='ltr'><strong>tempere:</strong></span> <span class='ocrx_word' id='word_1_161' title='bbox 462 2578 586 2652; x_wconf 73' lang='lat' dir='ltr'><strong>uetera,</strong></span> <span class='ocrx_word' id='word_1_162' title='bbox 618 2573 666 2638; x_wconf 92' lang='lat' dir='ltr'><strong>uti</strong></span> <span class='ocrx_word' id='word_1_163' title='bbox 699 2593 752 2636; x_wconf 91' lang='lat' dir='ltr'><strong>res</strong></span> <span class='ocrx_word' id='word_1_164' title='bbox 781 2579 948 2655; x_wconf 68' lang='lat' dir='ltr'><strong>posueret,</strong></span> <span class='ocrx_word' id='word_1_165' title='bbox 978 2593 1018 2637; x_wconf 86' lang='lat' dir='ltr'><strong>ex</strong></span> <span class='ocrx_word' id='word_1_166' title='bbox 1040 2580 1186 2658; x_wconf 85' lang='lat' dir='ltr'><strong>ternpore</strong></span> <span class='ocrx_word' id='word_1_167' title='bbox 1208 2575 1322 2658; x_wconf 86' lang='lat' dir='ltr'><strong>parari</strong></span> 
     </span>
     <span class='ocr_line' id='line_1_20' title="bbox 132 2680 449 2770; baseline 0.016 -27"><span class='ocrx_word' id='word_1_168' title='bbox 132 2680 254 2764; x_wconf 78' lang='lat' dir='ltr'><strong>placuit</strong></span> <span class='ocrx_word' id='word_1_169' title='bbox 276 2684 343 2767; x_wconf 88' lang='lat' dir='ltr'><strong>lug.</strong></span> <span class='ocrx_word' id='word_1_170' title='bbox 368 2689 449 2770; x_wconf 77' lang='lat'>70,3.</span> 
     </span>
    </p>

    <p class='ocr_par' dir='ltr' id='par_1_8' title="bbox 131 2796 1320 2992">
     <span class='ocr_line' id='line_1_21' title="bbox 217 2796 1320 2880; baseline 0.005 -23"><span class='ocrx_word' id='word_1_171' title='bbox 217 2815 256 2858; x_wconf 78' lang='lat' dir='ltr'><strong>ex</strong></span> <span class='ocrx_word' id='word_1_172' title='bbox 278 2801 460 2875; x_wconf 80' lang='lat' dir='ltr'><strong>composito:</strong></span> <span class='ocrx_word' id='word_1_173' title='bbox 490 2796 613 2862; x_wconf 86' lang='lat' dir='ltr'><strong>Sullam</strong></span> <span class='ocrx_word' id='word_1_174' title='bbox 644 2797 858 2861; x_wconf 84' lang='lat' dir='ltr'><strong>consulem..</strong></span> <span class='ocrx_word' id='word_1_175' title='bbox 892 2817 931 2860; x_wconf 87' lang='lat' dir='ltr'><strong>ex</strong></span> <span class='ocrx_word' id='word_1_176' title='bbox 961 2797 1141 2880; x_wconf 85' lang='lat' dir='ltr'><strong>composito</strong></span> <span class='ocrx_word' id='word_1_177' title='bbox 1169 2796 1320 2863; x_wconf 90' lang='lat' dir='ltr'><strong>tribunus</strong></span> 
     </span>
     <span class='ocr_line' id='line_1_22' title="bbox 131 2905 929 2992; baseline 0.004 -23"><span class='ocrx_word' id='word_1_178' title='bbox 131 2905 237 2988; x_wconf 90' lang='lat' dir='ltr'><strong>plebei</strong></span> <span class='ocrx_word' id='word_1_179' title='bbox 260 2906 297 2971; x_wconf 87' lang='lat' dir='ltr'><strong>G.</strong></span> <span class='ocrx_word' id='word_1_180' title='bbox 315 2907 497 2973; x_wconf 81' lang='lat' dir='ltr'><strong>Herennius</strong></span> <span class='ocrx_word' id='word_1_181' title='bbox 521 2907 735 2992; x_wconf 87' lang='lat' dir='ltr'><strong>prohibuerat</strong></span> <span class='ocrx_word' id='word_1_182' title='bbox 754 2907 794 2972; x_wconf 86' lang='lat' dir='ltr'><strong>fr.</strong></span> <span class='ocrx_word' id='word_1_183' title='bbox 817 2907 856 2971; x_wconf 93' lang='lat' dir='ltr'><strong>Il.</strong></span> <span class='ocrx_word' id='word_1_184' title='bbox 881 2911 929 2972; x_wconf 82' lang='lat'><strong>12.</strong></span> 
     </span>
    </p>

    <p class='ocr_par' dir='ltr' id='par_1_9' title="bbox 217 3019 1320 3104">
     <span class='ocr_line' id='line_1_23' title="bbox 217 3019 1320 3104; baseline 0.004 -22"><span class='ocrx_word' id='word_1_185' title='bbox 217 3039 290 3082; x_wconf 81' lang='lat' dir='ltr'><strong>eum</strong></span> <span class='ocrx_word' id='word_1_186' title='bbox 310 3040 350 3082; x_wconf 78' lang='lat' dir='ltr'><strong>ex</strong></span> <span class='ocrx_word' id='word_1_187' title='bbox 371 3041 426 3084; x_wconf 82' lang='lat' dir='ltr'><strong>suo</strong></span> <span class='ocrx_word' id='word_1_188' title='bbox 450 3021 586 3103; x_wconf 88' lang='lat' dir='ltr'><strong>quisque</strong></span> <span class='ocrx_word' id='word_1_189' title='bbox 611 3030 732 3084; x_wconf 80' lang='lat' dir='ltr'><strong>terrore</strong></span> <span class='ocrx_word' id='word_1_190' title='bbox 754 3019 990 3102; x_wconf 84' lang='lat' dir='ltr'><strong>quinquaginta</strong></span> <span class='ocrx_word' id='word_1_191' title='bbox 1021 3025 1079 3085; x_wconf 89' lang='lat' dir='ltr'><strong>aut</strong></span> <span class='ocrx_word' id='word_1_192' title='bbox 1100 3021 1240 3104; x_wconf 88' lang='lat' dir='ltr'><strong>amplius</strong></span> <span class='ocrx_word' id='word_1_193' title='bbox 1261 3021 1320 3087; x_wconf 91' lang='lat' dir='ltr'><strong>ho-</strong></span> 
     </span>
    </p>

    <p class='ocr_par' dir='ltr' id='par_1_10' title="bbox 84 3129 857 3196">
     <span class='ocr_line' id='line_1_24' title="bbox 84 3129 857 3196; baseline 0.005 -4"><span class='ocrx_word' id='word_1_194' title='bbox 84 3185 86 3192; x_wconf 93' lang='lat'><em>.</em></span> <span class='ocrx_word' id='word_1_195' title='bbox 129 3129 227 3194; x_wconf 87' lang='lat' dir='ltr'><strong>stium</strong></span> <span class='ocrx_word' id='word_1_196' title='bbox 249 3129 352 3194; x_wconf 88' lang='lat' dir='ltr'><strong>millia</strong></span> <span class='ocrx_word' id='word_1_197' title='bbox 445 3133 677 3196; x_wconf 86' lang='lat' dir='ltr'><strong>contenderent</strong></span> <span class='ocrx_word' id='word_1_198' title='bbox 697 3131 736 3196; x_wconf 85' lang='lat' dir='ltr'><strong>fr.</strong></span> <span class='ocrx_word' id='word_1_199' title='bbox 758 3131 782 3195; x_wconf 90' lang='lat' dir='ltr'><strong>l.</strong></span> <span class='ocrx_word' id='word_1_200' title='bbox 807 3136 857 3196; x_wconf 86' lang='grc'><strong>67.</strong></span> 
     </span>
    </p>

    <p class='ocr_par' dir='ltr' id='par_1_11' title="bbox 125 3243 1320 3440">
     <span class='ocr_line' id='line_1_25' title="bbox 217 3243 1320 3328; baseline 0.005 -23"><span class='ocrx_word' id='word_1_201' title='bbox 217 3243 330 3306; x_wconf 90' lang='lat' dir='ltr'><strong>melius</strong></span> <span class='ocrx_word' id='word_1_202' title='bbox 354 3264 423 3308; x_wconf 89' lang='lat' dir='ltr'><strong>esse</strong></span> <span class='ocrx_word' id='word_1_203' title='bbox 445 3248 536 3308; x_wconf 87' lang='lat' dir='ltr'><strong>ratus</strong></span> <span class='ocrx_word' id='word_1_204' title='bbox 559 3244 696 3328; x_wconf 87' lang='lat' dir='ltr'><strong>cognitis</strong></span> <span class='ocrx_word' id='word_1_205' title='bbox 711 3243 844 3323; x_wconf 68' lang='lat' dir='ltr'><strong>Mauris</strong></span> <span class='ocrx_word' id='word_1_206' title='bbox 869 3243 1021 3325; x_wconf 87' lang='lat' dir='ltr'><strong>quoniam</strong></span> <span class='ocrx_word' id='word_1_207' title='bbox 1044 3244 1072 3307; x_wconf 89' lang='lat' dir='ltr'><strong>is</strong></span> <span class='ocrx_word' id='word_1_208' title='bbox 1093 3262 1195 3310; x_wconf 86' lang='lat' dir='ltr'><strong>novus</strong></span> <span class='ocrx_word' id='word_1_209' title='bbox 1216 3244 1320 3310; x_wconf 86' lang='lat' dir='ltr'><strong>hostis</strong></span> 
     </span>
     <span class='ocr_line' id='line_1_26' title="bbox 125 3353 1019 3440; baseline 0.003 -24"><span class='ocrx_word' id='word_1_210' title='bbox 125 3359 286 3434; x_wconf 77' lang='lat' dir='ltr'><strong>necessat,</strong></span> <span class='ocrx_word' id='word_1_211' title='bbox 309 3375 348 3419; x_wconf 74' lang='lat' dir='ltr'><strong>ea</strong></span> <span class='ocrx_word' id='word_1_212' title='bbox 372 3363 524 3420; x_wconf 77' lang='lat' dir='ltr'><strong>commodo</strong></span> <span class='ocrx_word' id='word_1_213' title='bbox 545 3376 689 3438; x_wconf 87' lang='lat' dir='ltr'><strong>pugnam</strong></span> <span class='ocrx_word' id='word_1_214' title='bbox 713 3355 822 3420; x_wconf 82' lang='lat' dir='ltr'><strong>facere</strong></span> <span class='ocrx_word' id='word_1_215' title='bbox 844 3353 912 3436; x_wconf 88' lang='lat' dir='ltr'><strong>lug.</strong></span> <span class='ocrx_word' id='word_1_216' title='bbox 936 3360 1019 3440; x_wconf 73' lang='lat'>82,1.</span> 
     </span>
    </p>

    <p class='ocr_par' dir='ltr' id='par_1_12' title="bbox 121 3466 1320 3664">
     <span class='ocr_line' id='line_1_27' title="bbox 216 3466 1320 3551; baseline 0.004 -22"><span class='ocrx_word' id='word_1_217' title='bbox 216 3487 320 3549; x_wconf 90' lang='lat' dir='ltr'><strong>neque</strong></span> <span class='ocrx_word' id='word_1_218' title='bbox 343 3467 498 3551; x_wconf 89' lang='lat' dir='ltr'><strong>oppidum</strong></span> <span class='ocrx_word' id='word_1_219' title='bbox 521 3468 594 3551; x_wconf 86' lang='lat' dir='ltr'><strong>eapi</strong></span> <span class='ocrx_word' id='word_1_220' title='bbox 615 3487 721 3550; x_wconf 85' lang='lat' dir='ltr'><strong>neque</strong></span> <span class='ocrx_word' id='word_1_221' title='bbox 743 3466 935 3549; x_wconf 87' lang='lat' dir='ltr'><strong>Iugurtham</strong></span> <span class='ocrx_word' id='word_1_222' title='bbox 965 3466 1027 3531; x_wconf 86' lang='lat' dir='ltr'><strong>nisi</strong></span> <span class='ocrx_word' id='word_1_223' title='bbox 1058 3488 1097 3531; x_wconf 78' lang='lat' dir='ltr'><strong>ex</strong></span> <span class='ocrx_word' id='word_1_224' title='bbox 1117 3472 1240 3533; x_wconf 79' lang='lat' dir='ltr'><strong>insidiis</strong></span> <span class='ocrx_word' id='word_1_225' title='bbox 1262 3472 1320 3533; x_wconf 89' lang='lat' dir='ltr'><strong>aut</strong></span> 
     </span>
     <span class='ocr_line' id='line_1_28' title="bbox 121 3577 773 3664; baseline 0 -22"><span class='ocrx_word' id='word_1_226' title='bbox 121 3597 188 3642; x_wconf 85' lang='lat' dir='ltr'><strong>suo</strong></span> <span class='ocrx_word' id='word_1_227' title='bbox 211 3577 282 3643; x_wconf 82' lang='lat' dir='ltr'><strong>loeo</strong></span> <span class='ocrx_word' id='word_1_228' title='bbox 305 3600 447 3662; x_wconf 89' lang='lat' dir='ltr'><strong>pugnam</strong></span> <span class='ocrx_word' id='word_1_229' title='bbox 468 3579 578 3645; x_wconf 86' lang='lat' dir='ltr'><strong>facere</strong></span> <span class='ocrx_word' id='word_1_230' title='bbox 598 3579 666 3663; x_wconf 89' lang='lat' dir='ltr'><strong>lug.</strong></span> <span class='ocrx_word' id='word_1_231' title='bbox 692 3585 773 3664; x_wconf 53' lang='grc' dir='ltr'><strong>61η.</strong></span> 
     </span>
    </p>

    <p class='ocr_par' dir='ltr' id='par_1_13' title="bbox 215 3690 965 3774">
     <span class='ocr_line' id='line_1_29' title="bbox 215 3690 965 3774; baseline -0.001 -19"><span class='ocrx_word' id='word_1_232' title='bbox 215 3691 251 3755; x_wconf 93' lang='lat' dir='ltr'><strong>In</strong></span> <span class='ocrx_word' id='word_1_233' title='bbox 275 3690 424 3756; x_wconf 82' lang='lat' dir='ltr'><strong>adverbii</strong></span> <span class='ocrx_word' id='word_1_234' title='bbox 447 3692 540 3774; x_wconf 89' lang='lat' dir='ltr'><strong>quasi</strong></span> <span class='ocrx_word' id='word_1_235' title='bbox 563 3691 728 3756; x_wconf 88' lang='lat' dir='ltr'><strong>notionem</strong></span> <span class='ocrx_word' id='word_1_236' title='bbox 750 3690 965 3756; x_wconf 88' lang='lat' dir='ltr'><strong>transierunt:</strong></span> 
     </span>
    </p>
   </div>
   <div class='ocr_carea' id='block_1_3' title="bbox 220 3801 1427 3891">
    <p class='ocr_par' dir='ltr' id='par_1_14' title="bbox 220 3801 1427 3891">
     <span class='ocr_line' id='line_1_30' title="bbox 220 3801 1427 3891; baseline 0.002 -25"><span class='ocrx_word' id='word_1_237' title='bbox 220 3825 258 3867; x_wconf 80' lang='lat' dir='ltr'><strong>ex</strong></span> <span class='ocrx_word' id='word_1_238' title='bbox 281 3808 463 3882; x_wconf 82' lang='lat' dir='ltr'><strong>improviso:</strong></span> <span class='ocrx_word' id='word_1_239' title='bbox 494 3802 653 3888; x_wconf 84' lang='lat' dir='ltr'><strong>Iugurtha</strong></span> <span class='ocrx_word' id='word_1_240' title='bbox 748 3823 882 3886; x_wconf 86' lang='lat' dir='ltr'><strong>regnum</strong></span> <span class='ocrx_word' id='word_1_241' title='bbox 904 3803 974 3886; x_wconf 86' lang='lat' dir='ltr'><strong>ejus</strong></span> <span class='ocrx_word' id='word_1_242' title='bbox 996 3801 1127 3868; x_wconf 79' lang='lat' dir='ltr'><strong>sceleris</strong></span> <span class='ocrx_word' id='word_1_243' title='bbox 1153 3802 1203 3866; x_wconf 91' lang='lat' dir='ltr'><strong>sui</strong></span> <span class='ocrx_word' id='word_1_244' title='bbox 1224 3823 1320 3886; x_wconf 85' lang='lat' dir='ltr'><strong>prae·</strong></span> <span class='ocrx_word' id='word_1_245' title='bbox 1422 3882 1427 3891; x_wconf 30' lang='grc' dir='ltr'>Ι</span> 
     </span>
    </p>
   </div>
   <div class='ocr_carea' id='block_1_4' title="bbox 103 3913 1319 4556">
    <p class='ocr_par' dir='ltr' id='par_1_15' title="bbox 103 3913 1319 4556">
     <span class='ocr_line' id='line_1_31' title="bbox 114 3913 1318 4000; baseline -0.001 -20"><span class='ocrx_word' id='word_1_246' title='bbox 114 3915 203 3982; x_wconf 90' lang='lat' dir='ltr'><strong>dam</strong></span> <span class='ocrx_word' id='word_1_247' title='bbox 228 3913 509 4000; x_wconf 65' lang='lat' dir='ltr'><strong>fenitlug.14,11.</strong></span> <span class='ocrx_word' id='word_1_248' title='bbox 546 3915 574 3979; x_wconf 90' lang='lat' dir='ltr'><strong>si</strong></span> <span class='ocrx_word' id='word_1_249' title='bbox 596 3915 675 3998; x_wconf 89' lang='lat' dir='ltr'><strong>quid</strong></span> <span class='ocrx_word' id='word_1_250' title='bbox 698 3935 738 3979; x_wconf 88' lang='lat' dir='ltr'><strong>ex</strong></span> <span class='ocrx_word' id='word_1_251' title='bbox 759 3915 933 3998; x_wconf 86' lang='lat' dir='ltr'><strong>improviso</strong></span> <span class='ocrx_word' id='word_1_252' title='bbox 956 3914 1033 3978; x_wconf 86' lang='lat' dir='ltr'><strong>mali</strong></span> <span class='ocrx_word' id='word_1_253' title='bbox 1056 3913 1229 3978; x_wconf 81' lang='lat' dir='ltr'><strong>accidisset</strong></span> <span class='ocrx_word' id='word_1_254' title='bbox 1249 3915 1318 3999; x_wconf 88' lang='lat' dir='ltr'><strong>lug.</strong></span> 
     </span>
     <span class='ocr_line' id='line_1_32' title="bbox 115 4025 1318 4112; baseline 0.001 -21"><span class='ocrx_word' id='word_1_255' title='bbox 115 4032 228 4112; x_wconf 69' lang='lat'>14,16.</span> <span class='ocrx_word' id='word_1_256' title='bbox 272 4026 354 4090; x_wconf 90' lang='lat' dir='ltr'><strong>fines</strong></span> <span class='ocrx_word' id='word_1_257' title='bbox 378 4028 447 4111; x_wconf 85' lang='lat' dir='ltr'><strong>ejus</strong></span> <span class='ocrx_word' id='word_1_258' title='bbox 538 4026 663 4091; x_wconf 89' lang='lat' dir='ltr'><strong>invadit</strong></span> <span class='ocrx_word' id='word_1_259' title='bbox 685 4027 854 4112; x_wconf 80' lang='lat' dir='ltr'><strong>lug.20‚3.</strong></span> <span class='ocrx_word' id='word_1_260' title='bbox 908 4025 1051 4110; x_wconf 88' lang='lat' dir='ltr'><strong>pulveris</strong></span> <span class='ocrx_word' id='word_1_261' title='bbox 1081 4025 1145 4089; x_wconf 84' lang='lat' dir='ltr'><strong>vim</strong></span> <span class='ocrx_word' id='word_1_262' title='bbox 1167 4046 1318 4110; x_wconf 87' lang='lat' dir='ltr'><strong>magnam</strong></span> 
     </span>
     <span class='ocr_line' id='line_1_33' title="bbox 108 4136 1317 4224; baseline -0.002 -21"><span class='ocrx_word' id='word_1_263' title='bbox 108 4137 391 4218; x_wconf 74' lang='lat' dir='ltr'><strong>animadvertunt</strong></span> <span class='ocrx_word' id='word_1_264' title='bbox 412 4139 480 4221; x_wconf 89' lang='lat' dir='ltr'><strong>Iug.</strong></span> <span class='ocrx_word' id='word_1_265' title='bbox 501 4144 580 4224; x_wconf 70' lang='lat'>53‚1.</span> <span class='ocrx_word' id='word_1_266' title='bbox 628 4143 737 4202; x_wconf 85' lang='lat' dir='ltr'><strong>castra</strong></span> <span class='ocrx_word' id='word_1_267' title='bbox 756 4138 897 4202; x_wconf 87' lang='lat' dir='ltr'><strong>hostium</strong></span> <span class='ocrx_word' id='word_1_268' title='bbox 921 4185 972 4201; x_wconf 92' lang='lat'><strong>...</strong></span> <span class='ocrx_word' id='word_1_269' title='bbox 994 4136 1120 4202; x_wconf 86' lang='lat' dir='ltr'><strong>invadit</strong></span> <span class='ocrx_word' id='word_1_270' title='bbox 1140 4138 1209 4220; x_wconf 90' lang='lat' dir='ltr'><strong>Iug.</strong></span> <span class='ocrx_word' id='word_1_271' title='bbox 1234 4145 1317 4224; x_wconf 69' lang='lat'>58,1.</span> 
     </span>
     <span class='ocr_line' id='line_1_34' title="bbox 211 4249 1319 4333; baseline -0.001 -19"><span class='ocrx_word' id='word_1_272' title='bbox 211 4270 254 4314; x_wconf 81' lang='lat' dir='ltr'><strong>ex</strong></span> <span class='ocrx_word' id='word_1_273' title='bbox 285 4257 419 4315; x_wconf 80' lang='lat' dir='ltr'><strong>occulto:</strong></span> <span class='ocrx_word' id='word_1_274' title='bbox 457 4249 615 4333; x_wconf 87' lang='lat' dir='ltr'><strong>Iugurtha</strong></span> <span class='ocrx_word' id='word_1_275' title='bbox 652 4271 691 4314; x_wconf 86' lang='lat' dir='ltr'><strong>ex</strong></span> <span class='ocrx_word' id='word_1_276' title='bbox 722 4250 848 4315; x_wconf 81' lang='lat' dir='ltr'><strong>occulto</strong></span> <span class='ocrx_word' id='word_1_277' title='bbox 876 4253 1011 4332; x_wconf 87' lang='lat' dir='ltr'><strong>repente</strong></span> <span class='ocrx_word' id='word_1_278' title='bbox 1040 4253 1168 4314; x_wconf 81' lang='lat' dir='ltr'><strong>nostros</strong></span> <span class='ocrx_word' id='word_1_279' title='bbox 1194 4250 1319 4315; x_wconf 81' lang='lat' dir='ltr'><strong>inuadit</strong></span> 
     </span>
     <span class='ocr_line' id='line_1_35' title="bbox 103 4365 304 4446; baseline -0.01 -18"><span class='ocrx_word' id='word_1_280' title='bbox 103 4365 184 4446; x_wconf 86' lang='lat' dir='ltr'><strong>lug.</strong></span> <span class='ocrx_word' id='word_1_281' title='bbox 219 4368 304 4446; x_wconf 73' lang='lat'>59,2.</span> 
     </span>
     <span class='ocr_line' id='line_1_36' title="bbox 207 4472 1318 4556; baseline 0 -19"><span class='ocrx_word' id='word_1_282' title='bbox 207 4473 460 4556; x_wconf 90' lang='lat' dir='ltr'><strong>Praepositione</strong></span> <span class='ocrx_word' id='word_1_283' title='bbox 490 4495 529 4538; x_wconf 81' lang='lat' dir='ltr'><strong>ex</strong></span> <span class='ocrx_word' id='word_1_284' title='bbox 558 4473 722 4541; x_wconf 83' lang='lat' dir='ltr'><strong>interdum</strong></span> <span class='ocrx_word' id='word_1_285' title='bbox 749 4473 876 4537; x_wconf 88' lang='lat' dir='ltr'><strong>finitum</strong></span> <span class='ocrx_word' id='word_1_286' title='bbox 900 4477 1029 4556; x_wconf 88' lang='lat' dir='ltr'><strong>tempus</strong></span> <span class='ocrx_word' id='word_1_287' title='bbox 1052 4472 1253 4554; x_wconf 82' lang='lat' dir='ltr'><strong>significatur</strong></span> <span class='ocrx_word' id='word_1_288' title='bbox 1278 4494 1318 4537; x_wconf 90' lang='lat' dir='ltr'><strong>ex</strong></span> 
     </span>
    </p>
   </div>
   <div class='ocr_carea' id='block_1_5' title="bbox 101 4585 1317 4736">
    <p class='ocr_par' dir='ltr' id='par_1_16' title="bbox 101 4585 1317 4736">
     <span class='ocr_line' id='line_1_37' title="bbox 101 4585 1317 4672; baseline -0.003 -19"><span class='ocrx_word' id='word_1_289' title='bbox 101 4611 176 4672; x_wconf 89' lang='lat' dir='ltr'><strong>quo</strong></span> <span class='ocrx_word' id='word_1_290' title='bbox 208 4585 306 4650; x_wconf 87' lang='lat' dir='ltr'><strong>aliud</strong></span> <span class='ocrx_word' id='word_1_291' title='bbox 329 4585 405 4667; x_wconf 84' lang='lat' dir='ltr'><strong>quid</strong></span> <span class='ocrx_word' id='word_1_292' title='bbox 430 4607 500 4650; x_wconf 87' lang='lat' dir='ltr'><strong>esse</strong></span> <span class='ocrx_word' id='word_1_293' title='bbox 524 4587 646 4668; x_wconf 75' lang='lat' dir='ltr'><strong>incipit,</strong></span> <span class='ocrx_word' id='word_1_294' title='bbox 669 4587 824 4650; x_wconf 85' lang='lat' dir='ltr'><strong>vertimus</strong></span> <span class='ocrx_word' id='word_1_295' title='bbox 846 4591 970 4660; x_wconf 83' lang='lat' dir='ltr'><strong>‚,nnch“</strong></span> <span class='ocrx_word' id='word_1_296' title='bbox 1004 4603 1043 4645; x_wconf 78' lang='lat' dir='ltr'><strong>ene</strong></span> <span class='ocrx_word' id='word_1_297' title='bbox 1064 4605 1179 4647; x_wconf 74' lang='lat' dir='ltr'><strong>summu</strong></span> <span class='ocrx_word' id='word_1_298' title='bbox 1201 4591 1317 4650; x_wconf 78' lang='lat' dir='ltr'><strong>laetitia</strong></span> 
     </span>
     <span class='ocr_line' id='line_1_38' title="bbox 1073 4689 1110 4736; baseline 0 -17"><span class='ocrx_word' id='word_1_299' title='bbox 1073 4689 1110 4736; x_wconf 69' lang='grc'><strong>6*</strong></span> 
     </span>
    </p>
   </div>
   <div class='ocr_carea' id='block_1_6' title="bbox 0 0 1594 5276">
    <p class='ocr_par' dir='ltr' id='par_1_17' title="bbox 0 0 1594 5276">
     <span class='ocr_line' id='line_1_39' title="bbox 0 0 1594 5276; baseline 0 0"><span class='ocrx_word' id='word_1_300' title='bbox 0 0 1594 5276; x_wconf 95' lang='lat' dir='ltr'><strong> </strong></span> 
     </span>
    </p>
   </div>
  </div>
 </body>
</html>
