3180 5276
634 487 852 547 ...99-

228 673 404 738 Praeterea
427 671 587 755 adscripsi
608 670 668 736 hos
688 669 796 736 looos:

228 805 298 864 spes
331 785 435 850 onmis
466 789 499 848 irs
521 789 615 848 armis
640 791 709 847 erat
732 781 800 864 Ing.
824 786 922 868 l4„0.
945 782 1110 862 „beruhen
1133 783 1217 849 aul‘.
1243 805 1337 868 prae·

140 896 254 962 sertim
278 917 351 961 oum
372 895 421 960 illi
439 916 510 975 spes
527 900 623 959 omnir
637 899 669 957 r'n
686 900 803 959 scelere
820 900 919 977 atque
936 900 1075 974 perfidio
1090 895 1133 959 sit
1145 894 1198 960 Or.
1215 897 1292 980 Lep.
1310 903 1336 961 1.

227 1029 311 1088 rpem
338 1012 470 1073 babae:
494 1008 603 1086 „seins
626 1004 794 1088 Hoffnung
816 1011 926 1072 setzen
948 1006 1040 1072 aul‘:
1062 1008 1125 1072 nisi
1147 1013 1180 1070 in
1203 1014 1338 1073 noento

139 1118 322 1185 nobilitatis
343 1125 376 1184 et
391 1125 530 1199 pecunie
552 1139 611 1182 sue
634 1138 725 1202 spem
755 1116 879 1183 habere
900 1119 968 1202 lug.
993 1125 1074 1205 13,5.
1104 1140 1195 1203 spem
1223 1119 1338 1186 salutis

140 1237 174 1296 ia
195 1237 359 1298 solitudine
390 1236 448 1296 aut
473 1237 557 1311 fuya
590 1231 750 1314 coegisset
775 1228 1096 1315 haberelug,55,1.
1124 1251 1231 1314 neque
1255 1231 1339 1296 alins

140 1349 173 1408 irs
196 1349 257 1408 olio
281 1345 386 1427 magis
413 1363 511 1427 quam
533 1347 566 1406 tn
599 1362 667 1406 sere
697 1361 788 1425 spem
817 1341 940 1407 habere
969 1341 1037 1425 lug.
1069 1347 1152 1427 60„.
1186 1363 1283 1426 saepe
1305 1349 1338 1407 in

134 1461 219 1535 supa
242 1476 281 1521 ao
302 1460 378 1540 post
398 1454 498 1539 paulo
521 1458 554 1517 iu
577 1458 672 1519 armis
697 1473 788 1536 spem
809 1452 933 1518 habere
953 1453 1021 1538 lug.
1046 1459 1131 1539 74,1.

227 1572 260 1631 in
277 1575 360 1649 supa
382 1566 520 1631 salutem
545 1585 679 1648 sperare
701 1565 770 1630 Cat.
795 1571 896 1652 58,1g.

228 1689 358 1744 oetatem
383 1699 493 1758 oque:
515 1675 590 1742 illos
613 1683 645 1742 in
668 1681 810 1742 libertate
836 1679 906 1742 sine
927 1683 1018 1743 metu
1041 1682 1183 1744 aetatem
1205 1684 1337 1745 acturos

140 1793 209 1876 lug.
234 1797 316 1876 56,4.
349 1791 406 1875 qui
428 1810 556 1855 omnem
580 1794 722 1854 aetatem
748 1793 781 1852 in
803 1794 922 1868 optimis
945 1795 1065 1855 ortibus
1088 1791 1140 1874 egi
1160 1790 1229 1872 lug.
1253 1797 1338 1877 85,9.

140 1941 184 1952 -
207 1924 319 1984 offere:
343 1923 470 1985 semper
492 1907 525 1966 ir
547 1906 717 1966 certamine
739 1898 904 1966 libertatis
927 1907 985 1966 aut
1006 1902 1128 1985 gloriae
1158 1907 1216 1968 aut
1238 1902 1339 1968 domi-

141 2015 283 2081 nationis
311 2014 379 2098 agit
409 2013 447 2078 fr.
477 2015 502 2079 1.
534 2019 585 2079 90.
614 2051 658 2061 —
687 2011 805 2078 ceteris
837 2013 1026 2096 expertibus
1056 2014 1116 2079 soli
1148 2019 1180 2078 io
1209 2019 1339 2094 imperio

142 2147 239 2210 agere
263 2127 302 2191 fr.
323 2127 347 2192 l.
372 2133 401 2193 9.
423 2163 466 2173 -
489 2146 509 2189 a
532 2126 639 2208 prima
670 2124 890 2190 adolescentia
923 2130 955 2188 in
984 2145 1039 2190 ore
1067 2135 1168 2190 oestro
1190 2127 1339 2211 privatus

142 2243 175 2304 et
201 2240 235 2304 in
264 2238 512 2321 magistratibus
540 2237 593 2321 egi
619 2237 672 2302 Or.
696 2235 779 2302 Cott.
809 2241 837 2301 4.
860 2241 893 2300 in
916 2257 971 2301 ore
1001 2237 1150 2320 gentibus
1174 2259 1273 2322 agens
1296 2238 1339 2304 fr.

139 2350 164 2414 l.
189 2356 239 2416 90.
261 2388 305 2398 -
327 2355 360 2414 in
382 2354 552 2415 cervicibus
575 2349 692 2414 ltaliae
715 2347 841 2431 agentis
862 2349 921 2431 Ep.
944 2349 1056 2432 Pomp.
1079 2354 1107 2413 4.
1130 2388 1172 2398 —
1196 2371 1337 2434 semper·

141 2482 204 2544 que
231 2467 264 2525 r'n
287 2465 493 2542 potestatibus
525 2481 563 2526 eo
594 2460 690 2525 modo
724 2463 873 2539 enitebat,
907 2464 945 2524 ut
962 2461 1138 2543 amplioree
1162 2482 1260 2544 qnam
1282 2483 1336 2545 ge-

140 2572 237 2638 rebat
259 2572 375 2656 dignus
395 2573 585 2638 haberetur.
610 2573 678 2655 lug.
706 2576 789 2656 63,5.

226 2690 382 2750 retinere.-
403 2690 436 2748 r'n
458 2689 590 2749 vinealis
616 2684 684 2749 Cat.
708 2689 792 2769 48„.
822 2687 928 2748 metus
951 2682 1078 2749 hostilis
1100 2690 1132 2748 ia
1155 2689 1240 2750 bonis
1262 2691 1337 2750 ortt-

141 2799 197 2860 tur
219 2795 385 2861 civitatem
407 2794 572 2861 retinebat
594 2796 663 2878 lug.
688 2801 773 2880 41,2.

221 2928 426 2986 permanere:
450 2907 478 2972 si
499 2926 692 2991 permanere
715 2906 813 2972 vellet
835 2911 867 2970 in
889 2911 954 2971 sais
977 2911 1095 2972 ortibus
1116 2909 1184 2992 lug.
1209 2915 1270 2994 8,2.
1294 2947 1337 2956 -

140 3039 274 3084 maneas
296 3024 328 3082 in
351 3023 505 3084 sententie
528 3023 561 3083 et
585 3019 728 3084 retineas
754 3039 846 3084 arma
869 3017 922 3082 Or.
944 3018 1025 3084 Phil.
1051 3024 1098 3084 16.

226 3136 365 3196 omrem·
397 3149 566 3214 semperne
594 3135 628 3202 in
658 3135 811 3212 sanquine
834 3136 927 3210 serre
951 3137 1034 3211 supe
1061 3131 1246 3197 versabitur
1267 3133 1335 3216 lug.

144 3248 227 3328 14„.

228 3359 479 3433 deprehendere.-
501 3359 534 3419 r‘u
556 3359 689 3420 maximo
710 3361 829 3420 scelere
848 3355 949 3420 tantis
976 3355 1100 3421 nivibus
1127 3355 1356 3441 deprehensis*

141 3465 221 3548 quid
241 3465 330 3530 facto
355 3486 436 3550 opus
458 3471 545 3532 esset
567 3466 636 3533 Cat.
659 3472 745 3552 46,2.

220 3587 375 3659 portare:
404 3599 461 3644 vos
484 3577 615 3644 divitias
638 3579 737 3644 deous
762 3577 915 3662 gloriam,
947 3584 1121 3663 praeterea
1148 3579 1336 3646 libertatem

141 3693 241 3773 atque
264 3690 407 3773 patriam
430 3694 463 3753 in
487 3695 608 3755 dextris
632 3695 743 3755 vestris
765 3695 899 3774 portare
922 3690 992 3757 Cat.
1017 3696 1067 3772 58,
1079 3732 1103 3777 8.

222 3806 381 3881 frustrari
388 3825 398 3866 .·
421 3801 479 3867 sed
500 3801 568 3867 tela
592 3803 716 3868 eminus
738 3802 838 3867 missa
861 3802 1038 3881 remittere,
1059 3803 1157 3887 pauni
1184 3809 1217 3867 iu
1232 3809 1335 3882 pluri-

140 3917 197 3979 bus
218 3913 325 3978 minus
347 3911 497 3979 frustrati
518 3914 588 3997 lug.
613 3920 696 4000 58„
724 3913 796 3995 „bei
820 3913 879 3979 der
901 3917 1072 3997 griisseren
1093 3915 1227 3979 Anzahl.
1249 3952 1294 3964 —

227 4025 262 4090 ni
281 4024 317 4089 id
338 4024 524 4106 festinaret,
554 4031 587 4090 in
606 4047 720 4090 summo
743 4030 887 4105 periculo
909 4046 1003 4091 suam
1024 4026 1175 4106 salutem,
1205 4025 1335 4092 illorum

140 4137 247 4202 soeios
271 4135 342 4201 fore
363 4135 416 4216 „in
439 4136 498 4202 der
518 4140 668 4220 grossten
691 4136 816 4202 Gefahr
839 4136 1028 4202 schweben“
1050 4136 1118 4220 lug.
1142 4143 1226 4224 77„.

227 4269 292 4313 neu
313 4247 516 4332 prolatandis
539 4247 771 4329 seditionibus,
798 4249 927 4332 inquies
948 4249 1036 4333 ipse,
1057 4268 1116 4314 nos
1136 4254 1169 4314 in
1191 4254 1335 4314 sollicitu-

142 4365 214 4428 dine
236 4365 368 4425 anteros
388 4359 442 4424 Or.
462 4359 543 4424 Phil.
569 4365 618 4425 16.

227 4475 338 4536 vestra
359 4470 518 4536 beneficia
540 4471 620 4537 mihi
645 4475 758 4556 erepta
781 4478 866 4552 sunt,
887 4477 999 4558 patres
1016 4473 1200 4555 conscripti,
1222 4491 1279 4538 ros
1302 4479 1335 4538 in
