3180 5276
729 445 944 507 ...34-

240 635 313 696 tare
342 650 416 696 cum
446 627 591 696 ablativo
625 627 700 694 bell.
730 628 805 712 3611.
838 635 949 714 5,19„.
978 632 1113 708 locisque
1141 633 1294 708 impeditis
1322 650 1362 695 ac
1383 633 1438 694 sil-

241 747 392 808 uestribus
422 763 492 808 sese
527 740 724 808 occultabat.
755 746 866 828 6,3„3.
894 746 1004 806 insulis
1035 761 1106 806 sese
1127 741 1373 810 occultaverunt
1394 741 1438 806 61.

241 854 389 937 11166361
409 875 440 937 p.
464 860 551 940 55,2.
600 856 730 919 6166661
760 852 848 938 apud
878 852 1068 919 Sallustium
1097 857 1130 918 61
1150 853 1276 918 Livium
1303 853 1439 938 conjun-

245 966 335 1049 gitur
364 987 436 1032 cum
461 964 604 1032 ablativo
632 965 840 1032 instrumenti
875 964 914 1031 61.
945 964 1013 1031 061.
1037 970 1120 1051 573.
1154 969 1304 1031 montbar
1336 970 1439 1050 atque

241 1083 338 1157 copiis
369 1077 512 1144 hostium
541 1097 612 1144 sese
642 1077 796 1144 clausum.
825 1078 895 1161 163.
918 1082 969 1158 38,
977 1118 1002 1162 9.
1032 1076 1147 1142 16111.
1179 1081 1229 1142 64.
1265 1078 1305 1143 ef.
1332 1081 1439 1142 Livias

242 1195 374 1275 21„4„.
402 1195 559 1269 praealta
587 1191 752 1273 utrimque
782 1189 913 1256 clausus
944 1193 1033 1269 ripis.
1065 1194 1116 1270 22,
1125 1229 1183 1276 M.
1218 1189 1257 1255 61
1285 1189 1440 1254 Kiihnast

241 1323 272 1386 p.
299 1307 369 1367 173.
412 1301 617 1386 Praepositio
643 1307 676 1368 16
708 1301 894 1386 significans
924 1301 1031 1366 locum
1060 1301 1223 1368 invenitur
1244 1301 1312 1384 163.
1338 1306 1439 1388 14„,.

242 1413 345 1480 clausi
365 1414 400 1478 in
420 1413 572 1480 tenebris.
596 1413 664 1480 061.
689 1420 772 1500 10„.
795 1413 886 1480 aliud
908 1413 1054 1480 clausum
1069 1413 1102 1478 in
1118 1417 1261 1497 pectore.
1306 1413 1346 1479 61.
1371 1417 1438 1478 116.

246 1530 330 1612 23„.
357 1524 517 1607 claudam,
538 1526 653 1609 inquit,
676 1526 711 1591 iu
733 1526 825 1592 66116
845 1545 911 1593 166.

327 1643 483 1704 Adruerco
506 1643 539 1704 61
560 1643 718 1715 insuesco,
753 1659 837 1724 quae
863 1637 965 1705 16116
992 1637 1184 1721 plerumque
1207 1642 1325 1721 regunt
1346 1635 1440 1702 abla-

242 1750 361 1816 tivum:
391 1749 586 1816 adsuescere
607 1750 749 1834 aliquem
771 1750 882 1834 aliqua
902 1769 947 1830 ro,
977 1770 998 1815 a
1021 1749 1175 1816 Sallustio
1198 1750 1441 1834 conjunguntur

243 1883 316 1928 cum
338 1861 581 1947 praepositione
602 1869 661 1928 ad:
695 1861 851 1928 adsuetus
881 1861 924 1927 ad
949 1863 1053 1928 omnis
1073 1862 1121 1928 vis
1145 1861 1440 1928 controversiarum

242 1973 433 2041 1611162.
457 1979 585 2042 etcum
613 1979 766 2056 6611111666
796 1975 943 2040 16666166
971 1973 1136 2040 libertatis
1160 1974 1199 2038 fr.
1221 1974 1246 2039 1.
1271 1980 1342 2040 115.
1385 1973 1441 2038 In-

242 2085 410 2168 finitivum,
446 2086 501 2170 qui
531 2087 652 2171 pendet
682 2071 722 2154 ex
753 2107 965 2153 consuescere
995 2086 1294 2170 161661163.47,1.
1324 2085 1381 2152 ubi
1405 2090 1441 2150 et

242 2197 384 2264 incolere
408 2203 441 2264 61
462 2199 602 2264 mercari
624 2203 859 2266 consueverant
879 2198 987 2264 Italici
1009 2198 1136 2281 generis
1156 2197 1251 2263 multi
1274 2196 1440 2264 mortales.

329 2309 517 2377 Formulam
540 2315 670 2390 adicere
686 2315 903 2391 jurejarando
927 2309 968 2376 61.
990 2310 1121 2376 Caesar.
1143 2308 1219 2375 bell.
1241 2308 1316 2392 gall.
1334 2314 1439 2394 7„„,.

244 2423 393 2488 omnibus
411 2421 626 2507 jurejurando
649 2422 786 2502 adactis,
814 2422 987 2488 Sallustius
1010 2441 1075 2488 non
1100 2420 1244 2502 adhibet,
1266 2421 1347 2487 dicit
1369 2421 1440 2486 061.

244 2539 328 2618 231.
352 2555 426 2599 cum
448 2540 491 2601 od
508 2535 737 2620 jusjurandum
757 2533 925 2618 popularis
948 2535 1080 2600 sceleris
1103 2534 1153 2600 sui
1174 2532 1330 2618 adigeret.

334 2649 525 2712 Contendere
556 2646 747 2732 subjunctus
775 2651 825 2712 661
847 2645 1010 2713 ablativus
1039 2645 1246 2712 instrumenti
1270 2645 1338 2711 061.
1363 2650 1441 2730 ll,2.

242 2757 320 2823 huic
347 2758 425 2841 quia
451 2757 557 2824 bonae
588 2761 677 2824 61166
709 2758 836 2840 desunt,
872 2763 950 2824 dolio
981 2762 1081 2842 atque
1097 2763 1238 2840 fallaciis
1262 2755 1442 2822 contendit

245 2869 444 2935 Vertsndum
463 2874 530 2935 est:
562 2869 697 2936 bedient
718 2869 788 2936 sich
810 2870 870 2937 der
891 2869 963 2936 List
983 2869 1051 2936 und
1073 2869 1268 2952 Ttusehung
1291 2869 1340 2934 als
1364 2867 1443 2932 Mit-

243 2980 289 3046 161
305 3003 377 3047 aum
394 2981 542 3066 Kampie.
570 2985 761 3048 Contendere
777 2981 866 3064 „sich
881 2989 1026 3048 messen“
1041 2981 1246 3067 conjungitur
1258 3001 1331 3046 curn
1344 2999 1442 3064 prae-

246 3093 406 3176 positione
428 3114 513 3174 cum,
536 3115 620 3178 quae
644 3095 788 3160 nominet
811 3115 984 3179 personam
1006 3114 1145 3177 quocum
1168 3092 1383 3172 contenditur,
1406 3097 1443 3156 et

248 3226 318 3270 cum
345 3205 490 3271 ablativo
512 3205 570 3272 rei.
614 3208 658 3272 At
680 3207 753 3291 quis
777 3211 827 3274 est
848 3206 992 3273 omnium
1013 3206 1064 3273 his
1085 3203 1239 3285 moribus,
1261 3203 1340 3288 quin
1363 3208 1443 3270 6161-

244 3322 294 3382 1116
318 3322 352 3384 61
378 3321 547 3397 sumptibus
577 3337 642 3384 non
666 3323 827 3399 probitate
846 3339 952 3403 neque
981 3322 1137 3384 industria
1166 3337 1233 3382 cum
1260 3315 1443 3401 majoribus

246 3429 313 3495 suis
337 3430 513 3496 contendat
534 3429 602 3515 163.
624 3436 655 3512 4,
668 3470 692 3517 7.
736 3431 786 3497 Ex
808 3430 907 3498 verbo
938 3439 1062 3497 certare
1090 3450 1154 3496 non
1179 3428 1282 3494 solum
1305 3426 1443 3492 ablativi

243 3541 450 3608 instrumenti
479 3548 574 3608 ermis
604 3543 673 3628 163.
703 3548 787 3629 486.
819 3565 911 3610 manu
946 3543 999 3609 Or.
1032 3542 1115 3609 Cott.
1145 3547 1163 3608 6
1192 3540 1350 3626 pendent,
1382 3539 1443 3604 sed

244 3654 344 3719 etiam
358 3658 481 3733 proelio
502 3654 571 3739 163.
594 3661 676 3743 816.
700 3660 751 3737 88,
759 3696 785 3741 4.
807 3676 902 3722 eursu
923 3656 992 3739 163.
1017 3660 1077 3741 61.
1107 3660 1188 3719 salta
1208 3663 1293 3718 66616
1314 3652 1353 3720 fr.
1366 3652 1442 3737 11.,.

246 3769 358 3830 divitiis
381 3785 455 3830 cum
479 3765 577 3832 divite
599 3787 705 3851 neque
721 3773 864 3849 sortione
884 3788 957 3834 eum
974 3766 1122 3846 factioso,
1145 3765 1203 3831 sed
1219 3785 1292 3829 cum
1307 3768 1443 3830 strenuo

244 3882 376 3954 virtute,
408 3897 481 3944 cum
511 3878 658 3945 modesto
685 3884 824 3960 pudore,
858 3899 932 3946 cum
960 3879 1132 3946 innocente
1160 3881 1349 3943 abstinentia
1372 3896 1443 3940 cer-

244 3987 348 4054 tabat.

332 4099 427 4184 Apud
449 4121 599 4168 exercere
620 4103 671 4169 vel
694 4123 728 4168 se
751 4123 901 4170 exercere
923 4124 1051 4189 semper
1064 4102 1244 4169 invenimus
1260 4101 1443 4168 ablativum

243 4213 467 4280 instrumenti:
502 4219 666 4294 rependite
697 4220 856 4295 faciendis
891 4236 956 4282 uon
994 4220 1115 4282 Graeco
1145 4219 1300 4296 facundie
1334 4235 1443 4298 66666

244 4329 375 4392 artonis
396 4330 555 4392 munditiis
577 4347 647 4392 sese
670 4328 817 4393 exercuit
838 4327 907 4412 163.
931 4333 981 4410 63,
988 4369 1014 4414 3.
1037 4327 1169 4408 066166,
1191 4331 1229 4392 61
1250 4327 1298 4392 611
1316 4328 1444 4412 Appius

239 4444 395 4518 [6666616
429 4438 646 4504 exercebatur
682 4438 721 4506 11.
750 4440 790 4505 11.
821 4443 871 4504 37.
916 4439 956 4504 61.
987 4439 1076 4506 Caes.
1108 4439 1184 4506 bell.
1221 4437 1295 4523 gall.
1331 4444 1444 4526 lutare·

245 4570 345 4632 36666
374 4549 437 4615 hoe
467 4555 538 4616 erat
568 4571 707 4634 pugnae,
734 4573 798 4635 quo
828 4573 862 4617 66
893 4551 1047 4617 Germani
1076 4555 1298 4618 exercuerant.
1331 4557 1444 4640 11633.
