3180 5276
737 413 952 475 ..gg-

251 599 494 666 diffioultatom:
526 619 633 682 pauoa
662 597 763 664 verba
785 598 880 678 faoit,
915 604 953 663 ut
981 621 1015 664 se
1045 597 1199 663 defendat
1226 598 1277 662 vel
1306 607 1447 664 excuset

251 712 405 778 deliotum
427 733 529 776 suum.
552 747 596 758 -
627 710 669 775 ad
692 731 732 776 ea
753 710 844 776 Sulla
858 731 922 790 pro
940 732 975 775 se
995 710 1138 776 breviter
1167 715 1200 775 et
1226 711 1371 791 modioe,
1403 711 1447 776 de

249 845 332 908 paee
356 829 389 889 et
415 821 638 889 communibus
668 821 766 888 rebus
794 823 905 888 multis
934 822 1088 888 disseruit
1107 823 1176 905 lug.
1202 828 1305 908 lll‚1‚
1333 823 1448 888 idest

251 934 342 1001 Sulla
364 936 404 1001 de
427 935 477 1013 iis,
498 955 582 1018 quae
606 933 649 998 ad
671 955 706 1000 se
734 934 785 999 vel
807 934 851 998 ad
871 955 963 999 suam
983 933 1114 1000 laudem
1136 934 1345 1018 pertinebant
1366 935 1447 1000 bre-

134 1047 136 1050 ’
250 1048 333 1113 riter
348 1051 382 1113 et
402 1046 527 1112 modice
542 1045 704 1126 disseruit,
726 1046 767 1111 de
788 1067 870 1132 paoe
891 1047 1009 1112 multis.
1026 1083 1067 1094 —·
1079 1047 1145 1110 alia
1165 1051 1338 1130 praeterea
1356 1069 1446 1128 map-

250 1165 342 1239 ru'fiou
359 1179 422 1238 pro
445 1179 479 1223 se
502 1157 619 1223 stillis
641 1158 785 1224 dolentia
810 1159 878 1242 lug.
900 1165 984 1245 84η.
1029 1158 1112 1224 dixit
1133 1158 1235 1224 verba
1256 1158 1444 1242 magnifica,

251 1291 335 1356 quae
358 1291 393 1336 se
417 1269 664 1336 celebraverunt
686 1275 784 1353 atque
807 1271 941 1335 summis
963 1270 1115 1336 laudibus
1139 1270 1333 1349 extulerunt,
1365 1271 1444 1336 illos

251 1387 361 1449 autem
384 1381 495 1448 dolore
517 1380 767 1447 1111111111-
789 1403 862 1446 oum
881 1387 991 1447 tamen
1012 1382 1147 1448 barbari
1169 1380 1249 1447 nihil
1270 1383 1442 1448 remittere

250 1500 358 1579 atque,
390 1493 440 1560 uti
461 1513 554 1576 reges
581 1497 833 1578 praeceperant,
862 1499 989 1560 noctem
1013 1514 1076 1573 pro
1099 1514 1132 1557 se
1162 1493 1227 1558 rati
1257 1493 1365 1558 aurius
1392 1495 1444 1560 in-

250 1611 338 1673 stare
359 1608 428 1691 lug.
452 1611 503 1686 98,
512 1647 536 1692 2.
583 1605 671 1689 quod
697 1606 762 1671 rati
789 1611 866 1670 sunt
887 1611 1016 1672 noctem
1047 1606 1110 1672 sibi
1131 1605 1441 1691 opportunissimam

250 1740 321 1786 esse
351 1718 394 1783 ad
422 1717 579 1802 impetum
610 1717 795 1784 faciendum
831 1739 870 1782 eo
898 1719 1006 1784 acrius
1033 1717 1201 1796 instabant
1229 1717 1373 1783 barbari.
1397 1757 1444 1766 —

249 1830 367 1897 statuit
394 1829 510 1910 urbes,
542 1850 626 1913 quae
653 1831 732 1896 viris
758 1835 815 1896 aut
850 1829 922 1895 loeo
945 1850 1008 1909 pro
1038 1834 1173 1894 hostibus
1204 1832 1237 1894 et
1265 1829 1444 1896 advorsum

250 1964 285 2008 se
326 1941 618 2027 opportunissimae
654 1947 761 2022 erant,
797 1941 941 2024 singulas
980 1941 1212 2010 circumvenire
1256 1942 1325 2025 lug.
1356 1947 1442 2027 88‚4.

250 2054 454 2139 Adjeotivum
487 2059 765 2133 opportunissimae
801 2057 834 2118 et
870 2053 912 2118 ad
939 2075 1002 2133 pro
1033 2057 1067 2118 et
1099 2053 1141 2118 ad
1175 2059 1338 2118 advorsum
1367 2075 1444 2136 per-

248 2167 344 2246 tinet,
374 2167 462 2249 quod
483 2166 586 2232 omnis
608 2165 834 2250 opportunitas
865 2166 899 2229 in
921 2165 1086 2231 contraria
1120 2165 1208 2230 trahi
1235 2168 1360 2248 potest,
1392 2165 1445 2232 ita

249 2283 286 2344 ut
307 2299 421 2344 sensus
450 2277 506 2343 sit:
544 2298 599 2342 eas
628 2277 726 2342 urbas
756 2277 901 2360 singulas
923 2277 1142 2357 circumvenit,
1171 2297 1256 2359 quae
1287 2276 1439 2343 hostibus

250 2391 482 2471 emolumento,
515 2388 578 2455 sibi
606 2389 762 2473 perniciei
794 2394 896 2461 erant.
956 2389 1075 2455 Slmilis
1108 2388 1198 2454 locus
1234 2393 1343 2454 exstat
1370 2390 1442 2473 lug.

252 2508 323 2583 108,
332 2543 357 2588 4·
388 2500 581 2586 Iugurtham
604 2501 768 2582 Romanis,
792 2521 834 2566 an
856 2500 904 2566 illi
928 2501 1051 2566 Sullam
1084 2501 1246 2566 traderet:
1272 2499 1444 2566 libidinem

250 2615 422 2680 adversum
444 2635 513 2694 nos,
535 2618 658 2680 metum
678 2634 738 2693 pro
760 2613 855 2679 nobis
878 2613 1036 2694 suasisse;
1065 2612 1100 2677 id
1134 2617 1183 2677 est
1212 2611 1314 2677 libido
1337 2613 1445 2678 suasit

250 2725 389 2806 Boooho,
419 2729 458 2790 ut
479 2725 602 2791 Sullam
632 2724 814 2808 iugurthae
843 2724 1004 2805 traderet,
1034 2725 1092 2790 sed
1125 2727 1230 2789 metus
1257 2725 1376 2806 suasit,
1407 2725 1444 2790 id

250 2837 338 2922 quod
366 2836 461 2902 nobis
490 2837 626 2902 utilitati
661 2842 749 2918 orat,
786 2842 823 2902 ut
852 2836 1044 2920 Iugurtham
1070 2836 1179 2901 Sullae
1210 2836 1366 2902 traderet.
1398 2875 1445 2886 -

251 2971 335 3033 quae
357 2950 412 3014 ille
439 2949 612 3015 advorsum
636 2949 745 3014 divina
768 2955 801 3014 et
821 2948 964 3014 humana
987 2948 1095 3012 omnia
1111 2948 1206 3032 oepit,
1226 2969 1291 3012 non
1307 2969 1370 3027 pro
1385 2971 1445 3014 suo

250 3066 308 3127 aut
330 3082 467 3145 quorum
488 3061 621 3126 simulat
643 3066 773 3141 injurio,
799 3063 856 3127 sed
871 3035 979 3143 legum
1001 3081 1040 3124 ao
1061 3060 1223 3126 libertatis
1246 3061 1444 3126 subvortun-

252 3173 314 3239 dae
337 3173 390 3239 Or.
414 3173 496 3238 Phil.
522 3179 571 3240 10.
616 3173 766 3240 Difficilis
788 3178 838 3239 est
866 3175 965 3240 locus,
1011 3174 1130 3239 Sensus
1154 3178 1219 3238 est:
1251 3173 1343 3238 Bella
1364 3173 1445 3238 oiri-

255 3287 301 3352 lia
322 3286 423 3352 movit
447 3291 561 3352 eontra
578 3287 632 3371 jus
652 3285 829 3352 humanum
853 3307 917 3352 non
939 3293 976 3352 ut
997 3307 1089 3352 suam
1111 3287 1162 3351 vel
1184 3306 1321 3370 quorum
1343 3287 1445 3352 simu·

252 3399 303 3465 lat
325 3399 478 3484 injuriam
500 3398 688 3479 vindicaret,
717 3399 775 3464 sed
796 3405 834 3464 ut
855 3400 944 3484 leges
967 3405 1000 3464 et
1020 3396 1205 3466 libertatem
1227 3398 1445 3466 subverteret.

249 3511 364 3576 -Ex
386 3511 487 3576 verbo
509 3510 619 3577 dolere
642 3512 763 3596 pendet
786 3533 847 3596 pro
870 3513 938 3596 lug.
956 3518 1036 3597 39η.
1063 3532 1141 3596 pars
1164 3511 1275 3577 dolere
1291 3532 1354 3591 pro
1376 3519 1446 3592 plo-

250 3629 301 3690 riu
333 3623 462 3708 imperi,
499 3644 577 3706 pars
606 3623 738 3690 insolita
779 3645 889 3689 rerum
920 3624 1110 3690 bellicarum
1143 3625 1258 3688 timere
1285 3623 1446 3690 libertati.

251 3757 346 3817 „man
373 3734 535 3800 fiirohtete
557 3735 611 3800 fiir
638 3735 701 3802 den
730 3736 837 3801 Ruhm
863 3737 920 3802 des
945 3736 1099 3815 Reiehes‚
1137 3736 1212 3801 dass
1236 3755 1271 3800 er
1293 3736 1449 3802 verloren

251 3847 355 3932 gehen
371 3847 505 3913 kiinne“.
518 3885 561 3896 -
582 3847 715 3931 Aliquid
737 3847 808 3913 fieri
830 3870 848 3914 e
869 3848 997 3913 ratione
1020 3848 1158 3932 alicujus
1180 3848 1228 3912 rei
1250 3848 1449 3930 exprimitur

250 3961 493 4045 praepositione
509 3981 573 4040 pro
600 3959 669 4044 lug.
693 3966 775 4046 54,1.
815 3981 879 4040 pro
900 3966 1030 4025 uictoria
1059 3959 1139 4025 satis
1161 3961 1230 4045 jam
1251 3965 1449 4043 pugnatum,

250 4072 393 4155 reliquos
420 4072 551 4138 labores
579 4094 639 4152 pro
663 4079 791 4152 praeda
812 4072 891 4137 fore.
936 4071 1056 4138 Sensus
1078 4077 1143 4136 est:
1174 4072 1254 4138 satis
1285 4074 1450 4154 pugnavi-

252 4205 333 4263 mus,
358 4205 434 4249 nam
455 4184 592 4249 viatoria
611 4185 680 4269 jam
703 4189 872 4268 reportata
890 4189 948 4264 est,
971 4184 1029 4249 red
1050 4183 1168 4267 reliqui
1189 4182 1320 4248 labores
1340 4185 1450 4249 susci-

251 4295 363 4380 piendi
385 4300 461 4360 sunt
483 4296 526 4361 ad
546 4295 703 4379 praedam
725 4295 917 4360 faciendam.
942 4335 980 4342 ω
1011 4301 1072 4360 Pro
1095 4295 1278 4379 oppositum
1301 4299 1350 4360 est
1370 4316 1451 4360 oon-

253 4417 317 4472 tru:
340 4408 408 4490 lug.
432 4411 482 4488 64,
492 4449 516 4493 4.
562 4428 646 4491 quae
667 4429 721 4472 res
739 4407 879 4473 Marium
901 4428 974 4472 oum
992 4429 1055 4488 pro
1078 4414 1204 4485 tonora,
1226 4427 1321 4490 quem
1343 4405 1453 4474 affee-

251 4519 359 4599 tabat,
380 4525 450 4584 tum
474 4529 583 4585 contra
596 4519 762 4585 Metellum
782 4519 988 4584 vehementer
1010 4519 1304 4598 accenderat.=pru
1325 4523 1453 4588 unua
