3180 5276
629 475 845 534 ..49-

145 657 302 742 corporis,
326 657 384 723 sed
406 663 529 738 inpene‘o
546 667 624 722 molo
643 679 810 738 pronoque.
834 659 902 738 lug.
916 664 1001 743 95‚3.
1036 656 1126 722 Sulla
1150 659 1254 740 gentis
1277 677 1335 741 pa-

142 769 259 834 triciae
280 769 399 836 nobilis
422 770 484 836 fuit
578 777 679 836 animo
701 777 826 851 tepenti.
848 771 888 835 fr.
911 769 951 835 11.
975 775 1026 836 47.
1059 768 1266 835 Mithridates
1289 775 1335 835 τή-

142 887 229 962 penti
251 903 392 961 corpore,
414 884 549 967 perinde
572 888 726 949 armatus.
750 881 788 949 fr.
800 883 854 949 IV.
870 887 920 950 25.
959 883 1001 948 M.
1016 881 1139 948 Lollius
1154 881 1336 962 Palicanus,

143 999 249 1058 bamili
272 1001 336 1060 loeo
355 996 479 1062 Picens.
502 996 541 1062 fr.
561 998 626 1062 luc.
646 1003 695 1062 75.
727 995 929 1082 (Pompejus)
951 996 1018 1061 oris
1040 994 1144 1080 probi,
1168 999 1269 1060 animo
1290 999 1336 1060 in·

143 1107 397 1173 verecundans.
419 1108 509 1175 Caes.
532 1109 607 1176 bell.
631 1109 713 1174 civil.
738 1115 799 1195 3³4³
810 1151 835 1194 4.
866 1107 985 1193 quibus
1008 1108 1221 1194 Rhascypolis
1242 1127 1337 1192 prae·

145 1225 227 1299 erat,
260 1225 423 1286 excellenti
452 1227 572 1288 uirtute.
620 1220 788 1288 Genitivus
820 1227 853 1286 et
883 1220 1050 1287 ablativus
1072 1220 1240 1304 qualitatis
1263 1241 1337 1284 con-

141 1333 248 1416 juncti
271 1337 347 1398 sunt
376 1333 410 1397 in
433 1333 545 1399 eodem
578 1335 746 1400 enuntiato
785 1333 839 1398 Or.
856 1333 932 1418 Lep.
960 1337 988 1398 2.
1037 1332 1184 1398 homines
1214 1337 1339 1396 maximi

146 1449 277 1510 nominis
298 1449 417 1524 optimis
437 1448 596 1532 majorum
619 1451 775 1526 exemplis.
798 1445 835 1510 fr.
859 1446 923 1511 Ino.
940 1451 991 1511 75.
1021 1450 1085 1510 oris
1104 1449 1217 1524 probri
1238 1450 1338 1509 animo

14 1633 16 1646 Ι
146 1562 364 1623 inverecundo.
417 1558 696 1624 Constructionem
725 1558 831 1638 illam,
872 1579 938 1643 qua
975 1557 1172 1642 adjectivum
1202 1557 1338 1621 circum·

147 1667 302 1734 scribitur
331 1675 469 1750 penetivo
502 1671 704 1752 substantivi,
737 1671 824 1755 apud
847 1670 1038 1736 Sallustium
1069 1691 1134 1734 non
1155 1669 1272 1734 inveni.
1299 1667 1338 1733 cf.

148 1780 312 1866 Liv.32‚9,
323 1823 348 1868 3.
371 1803 506 1848 coverne
528 1784 627 1848 trium
646 1785 798 1868 jugerum
817 1787 926 1862 spatio.
950 1781 1040 1847 Caes.
1053 1781 1127 1847 bell.
1134 1781 1209 1865 gall.
1223 1786 1251 1861 6,
1261 1821 1302 1866 23,
1315 1823 1339 1864 1.

148 1893 208 1958 bos
231 1899 315 1958 cervi
332 1902 446 1974 fipnrc.
469 1900 579 1981 3‚13‚4.
604 1893 730 1960 confixa
752 1900 847 1960 clonia
868 1894 984 1960 ferreis
1008 1899 1098 1975 dipiti
1113 1898 1239 1973 pollicis
1254 1912 1340 1958 eros·
1407 1968 1415 1980 Ν

149 2011 294 2070 titudine.

234 2117 411 2183 Praeterea
433 2124 509 2185 sunt
531 2119 665 2185 ablativi
688 2124 934 2184 instrumentales
967 2123 1087 2184 consoli
1107 2122 1229 2182 conone
1250 2117 1341 2183 abla-

149 2229 206 2294 tivi
229 2229 515 2312 substantivorum,
547 2252 631 2316 quae
661 2231 846 2315 significant
874 2235 969 2296 animi
991 2237 1144 2312 affectum.
1195 2229 1342 2295 Pendeat

152 2363 189 2406 ex
211 2343 394 2426 participiis
418 2344 564 2428 passivis,
588 2343 693 2410 veluti
710 2349 877 2424 impulsus:
1127 2330 1131 2338 ’

236 2477 296 2520 seu
317 2456 454 2538 periculi
475 2455 698 2540 magnitudino
721 2477 778 2521 seu
811 2455 909 2522 animi
932 2459 1096 2521 nrobtlitole
1116 2454 1248 2539 impulsi
1272 2453 1341 2520 Cet.

152 2572 235 2651 t9‚4.
282 2587 366 2649 qnae
394 2589 487 2651 reges
524 2573 622 2652 atque
652 2568 764 2654 populi
799 2573 850 2633 iro
880 2572 937 2633 aut
966 2572 1180 2633 misericordia
1211 2566 1342 2651 impulsi

145 2677 236 2743 'male
260 2679 480 2744 consuluerint
501 2680 569 2746 (lat.
594 2687 679 2768 51,4.

240 2801 416 2856 commotus:
437 2793 504 2858 sive
525 2793 744 2877 praesentiam
768 2793 837 2878 ejus
860 2793 978 2859 timens
1001 2792 1067 2858 sive
1089 2796 1140 2856 ire
1163 2795 1343 2857 commotus

154 2901 222 2968 Cat.
247 2907 331 2988 31,6.

235 3025 414 3094 permotas:
437 3021 494 3082 aut
516 3016 703 3082 dominandi
723 3022 824 3083 stadio
845 3021 994 3102 permota
1016 3016 1084 3082 Cat.
1109 3021 1159 3096 33,
1171 3058 1196 3102 4.
1233 3017 1343 3082 existi-

154 3147 247 3191 mans
269 3127 488 3194 Adherbalem
512 3135 616 3196 dolore
638 3134 823 3215 permotum
846 3129 914 3214 lug.
939 3134 1022 3215 2⁰24·

240 3244 403 3305 incitatus:
426 3241 481 3305 alii
504 3247 606 3306 eladio
628 3242 745 3307 talium
766 3263 877 3308 rerum
897 3241 1024 3306 incitati
1042 3241 1110 3324 lug.
1135 3246 1185 3321 66,
1193 3282 1218 3326 4.

241 3355 405 3416 incensas:
428 3373 468 3417 ex
489 3353 646 3436 petitione
669 3353 878 3439 pontificatus
903 3359 972 3419 odio
995 3354 1145 3419 incensus
1166 3353 1234 3418 Cat.
1261 3357 1343 3439 49,2.

241 3483 409 3529 accensas:
442 3469 568 3531 libidine
596 3466 642 3532 sic
664 3487 803 3532 accensa
825 3465 893 3532 Cat.
918 3473 999 3552 25‚3.
1029 3465 1199 3531 laudatum
1230 3485 1343 3530 accen-

156 3595 291 3657 sumque
314 3577 534 3660 praemiorum
555 3600 611 3658 spe
632 3577 671 3643 fr.
693 3578 749 3644 III.
773 3584 802 3644 8.

242 3693 410 3754 coercitas:
443 3710 544 3773 genus
564 3691 731 3756 hominum
757 3690 876 3756 mobile
904 3689 1038 3757 infidum
1060 3711 1166 3774 neque
1187 3689 1345 3756 beneficio

156 3817 261 3882 neque
285 3811 366 3865 meta
387 3802 563 3866 coercitum
585 3803 654 3886 Iug.
678 3808 761 3888 91η.

244 3916 425 3990 inpeditus:
455 3913 556 3997 igitur
579 3936 613 3979 eo
638 3921 743 3981 dolore
764 3914 940 4000 impeditus
961 3914 1029 3998 Iug.
1050 3920 1134 4000 83,1.
1178 3935 1290 3981 somno
1314 3920 1347 3980 et

156 4032 238 4086 metu
260 4023 419 4106 impedita
440 4025 519 4108 luga
541 4026 609 4110 lug.
633 4033 684 4107 99,
695 4069 720 4113 3.

242 4140 427 4202 adstrictas:
448 4139 496 4202 ita
517 4137 580 4204 illis
602 4144 703 4204 stadio
726 4161 859 4206 suornm
880 4139 1047 4205 adstrictis
1067 4140 1135 4224 Iug.
1160 4145 1240 4226 60,6.

243 4252 403 4314 attonitas:
429 4251 522 4334 quasi
542 4256 714 4331 formidine
736 4251 894 4316 attonitus
918 4251 956 4317 f.
979 4252 1004 4317 1.
1027 4258 1078 4318 88.

236 4366 423 4438 perculsus:
446 4363 547 4426 ceteri
568 4373 649 4428 mete
670 4363 812 4448 perculsi
835 4363 903 4430 (lat.
927 4369 955 4445 6,
964 4405 988 4449 4.
1013 4365 1052 4429 ol.
1075 4365 1143 4449 lug.
1166 4369 1217 4446 40,
1229 4406 1253 4451 4.

243 4470 386 4536 Ablativi
418 4473 556 4538 aliorum
587 4474 878 4555 substantivorum,
915 4477 971 4560 qui
1001 4476 1164 4560 conjuncti
1197 4498 1268 4541 cum
1295 4477 1347 4543 bis

154 4583 338 4667 participiis
354 4585 515 4667 leguntur,
542 4593 617 4651 sunt
632 4587 767 4652 ablativi
782 4589 1003 4653 instrumenti:
1027 4589 1143 4653 ctCat.
1159 4595 1241 4674 29‚1.
1263 4595 1345 4677 31η.

1126 4700 1139 4746 s
