3180 5276
689 443 904 506 ,92-

200 639 232 696 in
257 640 355 698 altero
376 630 503 696 miseris
529 629 712 713 perfugium
735 635 816 710 erat,
839 635 871 692 in
893 637 990 693 altero
1021 628 1115 694 malis
1144 629 1299 712 pernities
1321 629 1398 694 Cat.

202 750 286 830 54‚3.
309 743 381 824 „bei
403 743 477 808 dem
499 741 592 807 einen
613 741 733 808 fanden
756 743 809 806 die
831 741 1087 824 ngliiolrliohen
1117 743 1188 807 eine
1210 741 1392 807 Zufluohts·

201 860 319 935 stade,
350 855 404 919 bei
431 855 504 918 dem
526 853 669 919 anderen
697 854 750 919 die
774 853 968 918 Schleohteu
990 853 1042 917 ihr
1064 853 1280 919 Verderben.“
1325 855 1398 919 vio-

201 969 287 1032 toria
308 973 340 1030 ia
363 989 455 1032 mana
476 965 569 1030 uobis
593 976 638 1030 est
662 966 730 1033 Cat.
755 971 853 1051 2⁰³10·
898 965 984 1046 „Der
1000 966 1076 1048 Sieg
1097 966 1177 1049 liogt
1198 967 1231 1029 in
1257 989 1398 1032 unserer

201 1079 327 1144 Hand.“
352 1079 404 1143 oui
423 1079 500 1142 item
523 1084 680 1142 exercitas
702 1083 734 1142 ia
755 1099 848 1143 mana
868 1083 909 1142 sit
931 1077 999 1143 Cat.
1023 1083 1072 1157 51,
1079 1119 1121 1164 35.
1166 1078 1266 1158 „Dem
1295 1080 1396 1144 eben-

201 1191 275 1255 falls
298 1192 350 1254 ein
372 1191 460 1254 Heer
482 1212 522 1254 zu
546 1190 672 1254 Gebote
694 1189 810 1254 steht.“
853 1211 958 1272 neque
987 1189 1068 1254 mihi
1089 1197 1120 1254 ia
1142 1212 1234 1255 mana
1256 1191 1318 1255 fuit
1338 1192 1397 1256 Iu-

202 1302 321 1386 gurtha
344 1303 450 1386 qualis
472 1300 557 1366 foret
578 1302 647 1384 Iug.
673 1307 721 1379 14,
728 1341 752 1386 4·
782 1301 868 1380 „und
896 1323 930 1366 es
952 1302 1015 1366 mir
1043 1301 1133 1366 nioht
1162 1302 1302 1384 miiglioh
1323 1325 1397 1367 war

200 1438 240 1481 uu
262 1414 394 1494 wissen,
423 1413 482 1478 wie
511 1413 581 1478 sich
604 1413 763 1495 Iugurtha
791 1413 971 1478 benehmen
999 1413 1138 1478 wiirde.“
1182 1434 1240 1478 nos
1262 1415 1310 1479 uti
1331 1435 1397 1498 per

200 1527 303 1591 otium
332 1526 396 1590 tuti
426 1524 526 1590 simus
553 1531 586 1589 in
615 1547 707 1590 mana
735 1536 839 1590 vestra
869 1530 919 1590 est
950 1526 1018 1590 Gat.
1045 1530 1126 1610 14,3.
1157 1525 1236 1606 „das
1257 1526 1336 1609 liegt
1358 1527 1396 1590 in

201 1659 316 1703 euerer
337 1637 463 1701 Hand.“

287 1748 457 1814 Ablativus
480 1749 536 1832 qui
557 1749 678 1834 pendet
707 1769 748 1812 ex
769 1749 1011 1832 praepositione
1032 1755 1083 1826 in,
1112 1749 1238 1832 positus
1262 1755 1310 1816 est
1329 1772 1394 1834 pro

203 1865 364 1940 adjectivo.
396 1861 464 1926 Cat.
487 1867 570 1945 20‚2.
604 1881 836 1944 spemagna,
867 1865 1032 1926 dominatio
1053 1866 1086 1924 ia
1107 1867 1247 1926 manibus
1269 1861 1395 1926 frustra

201 1972 346 2037 fuissent.
391 1973 475 2036 Nam
503 1977 593 2037 arete
625 1972 883 2056 conjungendum
913 1977 963 2038 est
993 1977 1156 2038 dominatio
1187 1979 1220 2037 in
1243 1978 1393 2051 manibrio,

200 2083 236 2149 id
267 2088 317 2148 est
345 2084 523 2149 dominatio
551 2085 645 2148 nobis
676 2083 795 2148 oblata.
846 2084 1053 2168 „Vergebens
1083 2089 1169 2150 wiire
1197 2084 1250 2150 die
1281 2107 1395 2170 grosse

201 2194 366 2278 Hoffnuug
397 2217 562 2279 genesen,
591 2196 770 2279 vorgebsns
798 2195 851 2261 die
873 2195 1083 2275 Herrsohaft,
1112 2195 1165 2260 die
1194 2219 1255 2262 uns
1283 2198 1317 2262 in
1339 2198 1395 2263 die

201 2307 299 2372 Hand
320 2307 429 2390 gelegt
449 2309 520 2371 ist.“

292 2419 378 2483 Nota
400 2420 457 2484 illa
479 2419 608 2484 dicendi
629 2419 783 2485 formula:
807 2421 952 2485 eominus
966 2441 1112 2504 pugnare
1134 2422 1202 2504 lug.
1225 2427 1306 2506 57,4.
1330 2421 1395 2486 hoo

200 2531 296 2595 modo
321 2533 567 2615 circumscripta
590 2537 656 2596 est:
679 2553 797 2616 cupere
818 2532 977 2615 proelium
999 2538 1031 2596 in
1049 2537 1188 2598 manibus
1207 2532 1325 2598 facere.

288 2644 375 2726 quod
406 2649 439 2708 ia
464 2650 588 2725 familia
616 2654 723 2708 nostra
745 2643 815 2723 fuit,
848 2645 1014 2727 praestitit
1035 2645 1103 2727 lug.
1129 2650 1227 2730 1413.
1251 2667 1336 2724 „was
1358 2647 1393 2710 in

206 2755 264 2819 der
295 2755 393 2820 Hand
425 2777 560 2821 unserer
587 2756 722 2820 Familia
743 2756 816 2838 lag,
846 2756 905 2820 das
934 2756 993 2820 hat
1022 2757 1068 2821 sie
1098 2756 1274 2840 gelsistet.“
1319 2780 1393 2822 oum

202 2868 349 2932 exercitu
372 2869 493 2952 optime
516 2868 642 2948 merito,
665 2878 811 2946 quantam
832 2879 878 2932 ast
899 2875 931 2932 ia
955 2873 1045 2946 vobis,
1078 2869 1163 2934 fame
1194 2869 1395 2934 misserrima

205 2981 349 3044 omnium
377 2987 482 3045 morte
512 2981 696 3046 oonfeoistis
718 3002 773 3060 „so
795 2980 859 3046 viel
885 2980 966 3045 suoh
997 3003 1060 3046 nur
1086 2980 1227 3064 mdglioh
1249 2982 1310 3046 iss
1332 2982 1392 3065 Ep.

200 3091 311 3176 Pomp,
338 3098 363 3157 l.
409 3115 482 3159 oum
510 3095 558 3158 vis
584 3096 704 3173 omnis,
737 3093 879 3172 Quirites
909 3099 941 3157 ia
964 3098 1046 3158 vobis
1075 3099 1116 3158 sit
1141 3095 1194 3158 Or.
1218 3095 1316 3160 Mser.
1342 3100 1392 3160 15.

201 3203 271 3283 „Da
300 3204 352 3269 die
385 3227 484 3288 ganne
513 3205 626 3270 Maoht
653 3207 686 3269 in
716 3227 831 3270 euerer
860 3205 958 3270 Hand
986 3205 1093 3289 liegt“.
1134 3208 1189 3290 jus
1219 3213 1250 3270 in
1276 3212 1393 3274 viribus

202 3321 288 3381 esset
310 3316 348 3380 fr.
371 3317 395 3381 Ι.
422 3323 461 3382 33
485 3317 579 3396 „dass
602 3317 681 3382 alles
702 3318 808 3382 Reoht
831 3317 889 3382 suf
908 3317 967 3382 der
982 3318 1084 3382 Faust
1102 3318 1250 3384 beruht.“
1264 3359 1303 3368 -
1316 3341 1394 3402 pro-

200 3428 286 3492 feoto
316 3428 419 3492 virtus
450 3434 549 3512 atque
579 3430 740 3513 sapientia
768 3432 873 3515 major
901 3437 933 3494 in
955 3435 1016 3495 illis
1037 3430 1108 3510 fuit,
1143 3430 1199 3514 qui
1221 3452 1261 3495 ex
1282 3432 1393 3515 parvis

202 3541 318 3623 opibus
339 3545 467 3605 tautum
490 3543 663 3625 imperium
684 3542 806 3622 iecere,
837 3547 935 3626 quam
965 3549 997 3606 in
1019 3548 1120 3620 nobis,
1150 3543 1205 3626 qui
1233 3565 1274 3608 ea
1295 3549 1393 3627 parta

201 3655 254 3717 vix
276 3653 454 3717 retinemus
476 3653 544 3720 Cat.
567 3661 667 3740 51,st
699 3676 784 3734 „war
810 3659 940 3738 gr'o'sser
970 3655 1024 3720 bei
1047 3655 1151 3719 denen
1171 3660 1250 3719 eto.“
1272 3693 1316 3702 —
1337 3677 1393 3720 ne-

202 3785 265 3848 que
286 3765 464 3848 iugurthae
494 3771 528 3830 in
560 3772 666 3831 amicis
694 3767 774 3831 satis
796 3766 953 3851 praesidii
976 3771 1027 3830 est
1046 3767 1114 3848 lug.
1139 3773 1221 3850 35‚4.
1252 3767 1393 3850 primum

202 3877 279 3959 quia
300 3877 416 3960 prooul
438 3877 601 3958 absumus,
624 3883 656 3942 ia
678 3901 736 3958 qao
759 3877 901 3943 offensae
924 3879 1091 3943 minimum
1112 3879 1180 3961 Iug.
1205 3884 1306 3963 1027.
1328 3901 1393 3944 non

201 3994 234 4051 in
259 3994 397 4067 ejusdem
417 4000 572 4068 potestate
601 3990 728 4054 initium
761 3995 794 4054 et
815 3989 911 4055 finem
940 4011 1009 4056 esse
1039 3991 1215 4074 Iug.83,1.
1246 3990 1394 4074 „Anfang

200 4100 267 4165 und
289 4101 380 4165 Ende
412 4101 495 4184 liege
525 4103 616 4166 nieht
644 4103 678 4165 iu
701 4103 760 4167 der
781 4101 893 4167 Maoht
924 4103 1013 4167 einer
1032 4102 1099 4166 und
1122 4101 1292 4167 darselben
1316 4102 1393 4167 Per-

202 4218 289 4276 son.“
334 4233 453 4295 magna
474 4213 640 4296 praesidia
658 4213 751 4278 nobis
773 4221 804 4277 ia
827 4225 930 4279 vestra
953 4219 1088 4278 amicitia
1109 4213 1179 4277 fore
1200 4214 1268 4296 Iug.
1295 4220 1393 4300 l4‚13.

287 4327 325 4386 Ia
349 4323 524 4407 significat,
559 4325 699 4408 aliquem
732 4327 830 4390 armis
859 4326 1008 4391 indutum
1039 4347 1123 4391 esse:
1154 4331 1185 4388 in
1208 4331 1303 4389 armis
1326 4347 1395 4390 esse

201 4435 394 4515 „bewaffnet
424 4437 521 4500 sein“.
566 4438 649 4501 siin
673 4438 772 4502 armis
801 4437 887 4503 foret
917 4460 958 4503 ex
979 4439 1116 4503 viatoria
1137 4437 1217 4502 talia
1238 4438 1395 4521 sperabat

202 4549 269 4612 Cat.
301 4553 383 4633 37,6.
416 4569 488 4612 oum
515 4551 708 4632 praesertim
742 4549 910 4632 diligentia
948 4547 1119 4616 clarissimi
1156 4549 1217 4614 viri
1253 4547 1395 4616 consulis
