3180 5276
761 455 975 516 ..34-

277 646 376 724 atque
399 639 535 705 lascivia
556 643 689 722 repente
712 640 815 705 omnis
836 639 973 704 tristitia
993 638 1113 704 invasit
1135 638 1204 704 Get.
1226 643 1277 718 31,
1289 679 1315 724 3,
1356 637 1406 704 uti
1427 659 1461 702 en
1577 659 1578 664 ¹

276 758 410 818 monimo
431 757 547 816 invidio
568 752 602 815 in
624 752 827 834 gratiam
849 751 974 816 veniret
994 751 1063 834 lug.
1078 756 1161 835 13‚,.
1197 770 1303 833 neque
1325 771 1366 814 ee
1382 759 1460 815 tento

272 869 480 944 properantia
497 868 565 927 tam
587 861 682 927 facile
694 867 836 928 tractum
851 861 973 928 bellum
990 862 1139 927 socordia
1157 862 1262 945 magis
1277 882 1377 945 quam
1395 859 1460 926 dolo

279 976 451 1040 crederent
471 974 539 1058 Ing.
553 979 635 1061 36„.
673 974 805 1039 biduum
822 974 918 1039 modo
940 995 981 1039 ex
995 979 1134 1054 perfidio
1155 973 1271 1038 laetati
1291 973 1360 1056 Ing.
1384 979 1432 1052 69,
1439 1013 1460 1058 3.

277 1107 382 1170 neque
405 1108 446 1150 ex
462 1097 620 1165 postremo
636 1094 719 1168 supa
741 1086 816 1150 ullis
840 1085 882 1151 ad
905 1086 998 1170 signa
1020 1085 1231 1151 redeuntibus
1253 1085 1291 1150 fr.
1306 1085 1363 1149 III.
1381 1083 1460 1150 67⁰).

365 1199 512 1281 Spatium
535 1199 690 1282 temporis
712 1198 913 1281 intelligitur,
936 1197 1029 1282 cujus
1051 1197 1094 1262 ab
1115 1197 1282 1262 initiores
1302 1195 1462 1280 usquead

283 1310 372 1375 aliud
397 1316 525 1394 tempus
556 1311 735 1394 permansit
757 1310 825 1393 lug.
851 1315 932 1395 11„,.
976 1310 1088 1394 itaquo
1124 1329 1164 1373 ee
1191 1329 1227 1372 eo
1256 1319 1391 1388 ternpore
1417 1308 1462 1372 ira
1579 1357 1580 1400 3

234 1413 240 1426 ’
278 1429 311 1488 ot
340 1428 430 1488 metu
461 1423 576 1488 anxius
605 1422 720 1487 moliri.
765 1421 803 1486 fr.
828 1422 852 1487 Ι.
878 1426 927 1487 12.
974 1443 1014 1487 en
1047 1442 1106 1502 qno
1136 1429 1271 1500 tempore
1307 1421 1462 1505 majorum

277 1555 385 1599 mores
406 1555 471 1598 non
492 1534 660 1618 paulatim,
682 1539 720 1598 ut
744 1538 850 1613 antea,
876 1533 934 1599 sed
957 1534 1111 1599 torrentis
1132 1532 1229 1597 modo
1251 1531 1461 1617 praecipitati.

364 1645 437 1710 Alia
463 1667 517 1710 res
544 1651 619 1729 post
647 1645 762 1725 aliam,
792 1666 877 1728 quae
901 1645 995 1729 quasi
1024 1666 1064 1710 ex
1087 1665 1126 1711 ea
1156 1643 1268 1729 prodit
1290 1650 1323 1710 et
1351 1645 1463 1709 seriem

279 1758 373 1842 quasi
397 1757 498 1822 efficit
518 1756 681 1822 indicatur
697 1756 750 1821 Or.
770 1756 851 1822 Phil.
863 1762 891 1821 7.
913 1757 937 1821 ii
959 1763 1115 1822 tenendum
1137 1777 1177 1821 en
1200 1763 1337 1834 tumultu,
1359 1761 1462 1822 tellum

279 1891 319 1934 err
342 1873 419 1934 tello
441 1873 562 1934 serunt.
584 1869 644 1953 Ep.
659 1868 769 1934 Mithr.
789 1873 839 1934 20.
884 1867 1033 1935 audendo
1056 1868 1251 1934 attollendo
1274 1874 1307 1934 at
1328 1872 1407 1934 bello
1427 1888 1463 1932 ec

280 1987 366 2047 bellio
388 1981 524 2046 serendo
546 1982 655 2064 magni
677 1979 766 2046 facti.

365 2093 409 2158 Et
430 2098 559 2177 tempus
590 2098 623 2157 et
653 2113 785 2158 oausam
820 2091 983 2176 significat
1012 2115 1052 2158 ere
1080 2093 1148 2176 Ing.
1173 2097 1260 2177 52„
1305 2091 1463 2174 simulque
1581 2095 1582 2130 ³

237 2197 243 2214 “
281 2227 321 2269 ex
343 2204 521 2288 Iugurthae
543 2204 666 2288 proelio
697 2203 871 2270 clamorem
901 2205 1033 2288 augeri,
1067 2224 1128 2288 pro
1158 2210 1196 2270 de
1225 2203 1465 2289 praepositione

276 2317 418 2401 positum
458 2322 508 2381 est
536 2316 575 2381 fr.
606 2316 646 2381 Π.
678 2322 727 2381 53.
781 2338 798 2380 e
830 2316 931 2382 muris
961 2337 1057 2382 canes
1088 2317 1208 2401 sportis
1240 2315 1464 2394 dimittebant;

278 2429 553 2514 praepositionem
583 2433 621 2494 ob
654 2434 882 2512 exspectamus
915 2428 984 2512 lug.
1011 2433 1113 2514 ¹⁰2as·
1164 2427 1311 2512 profecto
1345 2449 1386 2492 ee
1408 2447 1466 2506 po·
1582 2451 1583 2490 1

275 2548 348 2620 pulo
373 2545 517 2618 Romano,
538 2540 573 2605 id
598 2546 689 2635 esta
712 2545 807 2624 parte
831 2541 1059 2621 Romanorum,
1085 2539 1128 2605 ad
1149 2541 1351 2625 hoctempus
1364 2538 1466 2604 multo

276 2651 374 2736 plura
395 2652 482 2716 bona
507 2653 701 2736 accepisses,
725 2673 823 2735 qnam
845 2651 932 2717 mala
953 2670 1128 2736 perpessus
1151 2674 1195 2718 es.

363 2763 442 2828 Post
463 2765 720 2848 comparativum
739 2769 871 2844 propius
897 2769 931 2828 et
953 2768 991 2829 ab
1015 2768 1048 2830 et
1070 2786 1110 2830 ea
1131 2765 1252 2848 legitur
1281 2784 1346 2828 uno
1368 2784 1468 2829 enun-

277 2876 359 2939 tiato
382 2875 435 2940 Or.
456 2873 537 2940 Phil.
560 2882 608 2941 10.
653 2875 741 2958 quod
761 2875 863 2940 multo
890 2876 1042 2960 proprius
1071 2881 1120 2942 est
1142 2876 1183 2942 ab
1217 2896 1255 2942 eo
1277 2897 1343 2960 quo
1364 2877 1470 2959 agitat

281 2992 369 3053 statu
393 3008 491 3071 quam
514 3007 553 3052 ox
574 3008 656 3073 pace
679 2993 713 3052 et
734 2987 908 3052 concordia
929 2987 973 3052 ad
992 3009 1085 3054 arma
1106 2988 1221 3054 civilia.

367 3099 446 3164 Post
465 3099 574 3180 verba,
603 3120 687 3182 quae
715 3100 895 3183 composita
929 3105 1005 3164 sunt
1038 3100 1280 3183 praepositione
1302 3121 1351 3181 ex,
1384 3100 1470 3165 haec

277 3231 354 3277 raro
376 3212 523 3276 iteratur.
568 3211 736 3294 Adseripsi
757 3210 817 3276 hos
841 3217 969 3276 tantum
991 3212 1097 3278 locos:

363 3328 493 3403 epreer':
515 3343 555 3388 ax
577 3327 692 3386 senatu
714 3321 782 3387 ou.
806 3329 857 3404 49,
865 3364 889 3408 4.

363 3440 501 3514 erepere:
530 3454 570 3500 ex
592 3433 747 3499 servitute
778 3434 847 3500 Cat.
870 3441 952 3520 48„
997 3435 1181 3519 epericulo
1204 3435 1274 3501 Cat.
1297 3441 1349 3515 48,
1357 3477 1382 3520 4.
1430 3456 1473 3500 ex

278 3546 429 3611 manibus
450 3547 519 3629 lug.
542 3550 593 3626 82,
604 3588 629 3632 3.

364 3679 545 3738 erumpere:
568 3678 608 3723 ex
630 3657 734 3723 Ponto
756 3658 796 3724 fr.
818 3658 875 3725 Ill.
898 3664 948 3724 41.

363 3791 508 3836 euocare:
531 3791 571 3835 ex
594 3769 738 3836 hibernis
760 3771 829 3854 lug.
853 3776 903 3851 37,
911 3813 936 3857 3.

812 3969 923 4038 Pras.

364 4106 568 4190 Praepositio
590 4127 670 4189 prae
693 4106 819 4172 duobus
840 4111 967 4171 tantum
995 4106 1075 4171 locis
1097 4105 1185 4190 apud
1207 4106 1397 4204 Sallustium
1423 4109 1479 4174 in·

276 4220 412 4284 venitur.
459 4219 528 4301 lug.
554 4223 636 4304 94„
669 4217 831 4301 significat
851 4218 959 4282 locum
991 4219 1025 4282 in
1050 4238 1115 4301 quo
1138 4217 1256 4300 aliquis
1276 4220 1478 4303 praecedit:

277 4330 420 4414 singulos
442 4351 522 4414 prae
545 4351 579 4394 se
602 4330 733 4394 inermis
754 4331 893 4395 mittere.
924 4329 963 4394 fr.
985 4331 1025 4395 II.
1048 4335 1098 4394 21.
1127 4330 1163 4394 id
1181 4330 1356 4412 indicatur,
1378 4335 1480 4416 quod

279 4463 352 4508 eum
373 4442 445 4534 aliis
480 4446 689 4526 comparatur
719 4446 753 4506 et
786 4441 1021 4525 aliquomodo
1048 4447 1213 4526 praestat:
1257 4447 1365 4508 incluti
1381 4465 1481 4522 prae

277 4559 456 4620 mortalibus
479 4553 518 4619 ol.
541 4554 605 4618 Cic.
629 4553 670 4618 ad
693 4553 768 4618 lam.
792 4559 821 4633 4,
831 4594 887 4639 Η.
910 4575 990 4637 prae
1010 4552 1104 4619 nobis
1126 4554 1251 4620 beatus.
