3180 5276
796 401 1019 506 ken-

313 629 535 714 magnitudine
565 649 762 713 quamquam
794 651 858 694 non
889 631 969 694 satis
994 632 1085 714 justa
1115 630 1158 696 ad
1179 632 1412 715 proeliandum
1446 633 1482 696 lle

314 745 398 807 Livio
422 741 533 807 confer
553 741 704 807 Kiihnaet
725 764 756 826 p.
781 747 852 808 269.

404 857 541 920 Condicio
563 855 648 920 inest
670 855 704 918 in
726 854 777 920 his
800 853 970 920 ablativis:
1002 875 1112 940 seque,
1134 857 1163 920 si
1185 859 1284 940 pauci
1305 858 1483 942 adjuvarent

313 970 529 1046 luncuennbns
551 971 634 1043 eliis,
663 967 819 1050 impetum
844 967 878 1031 in
902 967 1028 1032 curiam
1050 967 1214 1034 iacturum
1236 969 1305 1034 Cat.
1328 977 1380 1050 43,
1387 1013 1411 1056 3.
1436 987 1484 1052 quo

313 1077 441 1144 facilius
462 1084 615 1158 appellare
640 1082 750 1144 Orcsso
773 1099 833 1163 per
863 1079 1053 1145 societatem
1086 1081 1225 1164 periculi
1254 1083 1398 1165 reliquos
1416 1081 1484 1145 illius

313 1190 460 1276 potentie
488 1195 614 1274 tegeret
645 1191 713 1256 Cat.
736 1196 820 1276 lest.
855 1202 947 1271 cupio
975 1194 1052 1257 urbe
1086 1191 1168 1257 nihil
1195 1193 1234 1259 fit
1265 1195 1384 1278 reliqui
1411 1192 1485 1260 victis

314 1303 382 1368 (lat.
405 1307 486 1388 524.
510 1323 573 1386 quo
590 1302 746 1370 militibus
769 1313 941 1383 exaequato
958 1309 1102 1384 periculo
1128 1305 1254 1371 animus
1270 1307 1485 1391 amplioresset

314 1415 381 1480 Cat.
404 1421 486 1500 59‚1.
520 1435 560 1480 ne
582 1415 708 1499 legatus
733 1421 856 1496 copnttc
877 1437 913 1480 re
934 1415 1163 1483 laborantibus
1188 1419 1255 1484 suis
1278 1419 1398 1484 auxilio
1419 1417 1487 1482 foret

313 1527 381 1610 lug.
406 1531 487 1612 666.
517 1532 631 1592 caveat
652 1548 692 1592 ue
712 1532 764 1592 illo
786 1537 949 1593 cunctante
970 1529 1129 1594 Numidae
1159 1529 1223 1595 sibi
1246 1532 1416 1596 consulant
1432 1530 1487 1610 lug.

315 1643 394 1724 62η.
424 1639 472 1705 ita
491 1637 649 1722 Iugurtha
678 1645 770 1706 ratus
795 1646 852 1706 aut
879 1651 974 1720 coptu
1001 1645 1079 1706 urbe
1110 1663 1230 1726 operae
1257 1643 1397 1726 pretium
1424 1641 1487 1718 lore,

314 1755 372 1816 aut
394 1751 422 1816 si
516 1750 584 1834 lug.
610 1755 660 1832 81,
668 1791 692 1837 3.
723 1757 757 1818 66
777 1751 923 1838 profecto
954 1759 1020 1820 deis
1037 1759 1219 1832 ybenntibns
1247 1755 1356 1821 omnia
1376 1759 1488 1819 matura

314 1869 390 1928 suot
411 1862 479 1946 lug.
504 1868 553 1943 86,
562 1903 603 1949 43.
634 1865 804 1943 Romanos,
828 1865 923 1930 sicuti
946 1864 1128 1949 plerosque,
1162 1877 1276 1932 nemeto
1299 1877 1379 1931 metu
1399 1865 1488 1930 laxius

312 1974 526 2059 licentiusque
555 1975 683 2041 futuros
710 1976 779 2060 lug.
803 1982 853 2057 87,
859 2017 883 2062 4.
913 1977 940 2042 si
973 1981 1033 2044 aut
1060 1979 1197 2043 Romani
1228 1979 1340 2044 Africa
1370 1977 1489 2063 expulsi,

314 2091 372 2152 aut
403 2091 533 2168 inteprts
568 2093 633 2153 suis
669 2091 782 2166 finibus
817 2088 937 2155 bellum
968 2091 1181 2174 compositum
1209 2090 1295 2156 foret
1323 2091 1391 2175 lug.
1420 2095 1490 2173 922.

314 2197 453 2282 denique
475 2198 556 2265 nihil
577 2221 623 2264 me
644 2205 759 2265 sciente
781 2201 904 2266 frustra
927 2201 1015 2266 voles
1032 2202 1100 2285 lug.
1121 2207 1223 2288 110,4.
1248 2209 1356 2282 quibus
1372 2208 1492 2282 labefec-

314 2314 353 2374 tis
376 2331 473 2395 quam
495 2309 687 2378 formidatus
711 2317 761 2378 est
783 2317 852 2377 tam
876 2317 1100 2379 contemnetur
1123 2313 1176 2380 Or.
1199 2315 1276 2399 Lep.
1300 2321 1350 2380 24.
1374 2321 1406 2380 et
1420 2313 1493 2378 bene

308 2425 489 2502 juvantibus
519 2429 565 2490 ctis
595 2423 637 2490 M.
660 2425 832 2490 Aemilium
865 2425 1029 2492 consulem
1058 2425 1172 2492 ducem
1206 2432 1240 2492 et
1268 2432 1431 2492 auctorem
1451 2445 1494 2488 se-

315 2534 450 2618 quimini
470 2535 523 2602 Or.
546 2535 623 2621 Lep.
647 2541 697 2602 27.
726 2558 802 2603 mox
833 2543 952 2618 dempto
984 2548 1064 2603 meta
1085 2539 1233 2604 lacerant
1255 2539 1309 2604 Or.
1332 2539 1428 2604 Macr.
1450 2542 1494 2600 21.

314 2647 410 2712 malle
440 2649 619 2732 principem
648 2653 814 2714 colonabus
843 2653 925 2714 cobis
954 2671 1024 2716 esse
1057 2671 1156 2734 quam
1185 2651 1249 2716 illis
1278 2649 1495 2717 dominationis

315 2759 436 2824 socium
466 2759 519 2824 Or.
543 2758 642 2826 Mser.
665 2765 715 2826 23.
760 2765 846 2826 nobis
877 2767 1036 2842 oppressis
1067 2768 1177 2829 utrum
1209 2762 1386 2830 firmiorem
1406 2767 1437 2826 te
1459 2759 1497 2824 ad

315 2869 528 2936 resistendum
552 2891 594 2936 an
616 2871 711 2938 finem
732 2872 810 2938 belli
833 2873 978 2939 futurum
1003 2879 1100 2958 putes
1123 2876 1181 2959 Ep.
1205 2875 1316 2942 Mithr.
1341 2881 1388 2941 16.

400 2981 497 3050 Notio
519 2990 652 3050 consulis
674 2985 857 3069 praevalet:
893 2985 950 3052 sed
971 2986 1027 3052 ubi
1050 2987 1191 3072 primum
1214 2992 1315 3053 dubiis
1337 2992 1426 3052 rebus
1446 3004 1498 3049 no·

315 3093 411 3160 vendi
431 3116 504 3180 spes
529 3095 640 3162 oblata
663 3103 713 3163 est
733 3097 801 3163 Cat.
827 3103 876 3178 39,
884 3139 908 3184 3.
932 3104 1110 3182 postquam
1132 3099 1295 3164 hominem
1321 3099 1500 3165 adolescen-

315 3211 379 3272 tem
404 3217 515 3274 cauete
545 3229 603 3274 sno
633 3219 733 3274 catule
765 3215 798 3275 et
819 3215 931 3290 parcis
965 3216 1071 3277 liberis
1100 3213 1204 3295 magis
1230 3213 1398 3296 magisque
1418 3231 1500 3275 ores·

316 3339 388 3383 cere
418 3317 577 3403 intellegit
605 3320 672 3402 Iug.
697 3326 757 3407 6,2.
792 3342 873 3404 quos
895 3328 1028 3405 praeter
1051 3323 1162 3407 fugam
1185 3330 1282 3388 seluto
1316 3327 1441 3404 imperio
1465 3322 1501 3385 li-

316 3430 422 3496 centia
450 3434 547 3516 atque
578 3429 712 3498 lascivia
744 3439 936 3518 corruperat
955 3433 1022 3518 Iug.
1047 3440 1130 3521 39‚5.
1160 3437 1261 3520 igitur
1284 3442 1395 3501 ceteris
1415 3439 1503 3499 metu

314 3547 466 3618 perculsis
488 3541 529 3608 M.
556 3543 764 3612 Scaurus
788 3551 911 3625 crepion
941 3548 1109 3612 etiamtum
1139 3554 1261 3612 ciuitate
1353 3548 1504 3614 effecerat

315 3653 383 3738 lug.
401 3659 485 3740 40,4.
509 3661 655 3734 remissis,
679 3657 735 3740 qui
755 3657 790 3722 in
812 3658 976 3742 praesidio
995 3664 1096 3739 erant,
1120 3666 1153 3724 66
1170 3661 1278 3725 omnia
1288 3661 1392 3744 magis
1407 3680 1504 3743 quarn

315 3765 474 3852 proelium
496 3773 744 3848 conspectantibus
765 3774 896 3853 portam
921 3771 1044 3855 inrupit
1065 3772 1133 3855 lug.
1158 3779 1241 3858 58‚1.
1272 3773 1321 3837 ita
1336 3783 1505 3852 prospectu

316 3883 458 3959 impedito
480 3880 601 3946 morari
623 3881 686 3948 iter
708 3881 776 3966 Iug.
801 3887 884 3969 766.
919 3888 955 3948 66
975 3883 1135 3950 Numidae
1162 3905 1260 3968 saepe
1290 3889 1389 3950 antea
1408 3889 1507 3947 cineis

317 3989 535 4058 Romanorum
556 3997 721 4071 subeorscb,
750 3993 827 4058 item
848 3999 981 4060 incensis
1001 4017 1066 4060 non
1096 3995 1220 4061 castelli
1242 3996 1410 4062 moenibus
1433 4016 1506 4060 sese

316 4101 510 4170 tutabantur
545 4104 612 4188 lug.
644 4111 726 4190 94sp
765 4105 918 4188 quoniam
953 4107 1114 4190 imperare
1144 4113 1335 4174 conturbetis
1371 4113 1508 4174 omnibns

317 4233 380 4280 nou
404 4219 534 4298 poterat
555 4215 623 4300 lug.
647 4222 733 4304 98‚1.
764 4217 927 4303 dispersos
957 4219 1076 4285 milites
1104 4241 1210 4304 neque
1239 4220 1345 4286 minus
1371 4224 1508 4286 testibus

317 4330 506 4394 conturbetis
528 4327 561 4394 iu
582 4349 680 4396 unum
701 4328 864 4396 contrahit
886 4329 954 4414 lug.
970 4337 1021 4414 98,
1028 4373 1053 4418 4.
1075 4338 1158 4398 nelle
1174 4336 1370 4398 subveniente
1392 4337 1509 4398 nestris

289 4517 294 4530 ⁸
317 4442 511 4517 instantibus,
533 4440 675 4507 tumultu
693 4440 864 4508 formidine
888 4443 982 4526 quasi
1002 4444 1154 4509 vecordia
1177 4450 1309 4528 ceperat
1330 4445 1397 4528 Iug.
1420 4449 1510 4528 99,3.

320 4570 359 4620 66
380 4549 474 4618 multi
496 4556 669 4618 volneribus
691 4560 825 4635 acceptis
847 4575 953 4637 nsque
975 4555 1088 4640 fugere
1118 4578 1214 4640 posse
1236 4578 1342 4640 neque
1364 4557 1512 4642 quietem
