3180 5276
723 405 939 466 ..40-

235 591 308 656 loco
337 589 500 655 invenitur
527 589 595 654 Cat.
623 594 706 674 20,6.
736 589 786 654 vel
814 594 1001 668 imperatore
1029 591 1080 655 vel
1116 596 1209 656 milite
1229 611 1277 655 me
1297 593 1428 657 utimini

237 702 276 769 cf.
298 703 389 768 Caes.
411 700 485 768 boll.
518 700 592 785 gall.
623 706 652 781 2,
662 741 736 787 Μ.
764 706 872 767 iisdem
906 705 1033 767 dacione
1061 724 1150 782 usus,
1178 704 1235 786 qui
1256 705 1362 769 nuntii
1383 705 1427 771 ab

235 814 322 881 Iccio
352 818 522 895 venerant3
551 812 624 879 aliis
652 813 733 879 locis
762 812 935 879 Sallustius
962 815 1066 880 utitur
1095 815 1338 899 praepositione
1364 837 1427 896 pro

235 925 287 992 vel
315 924 479 1010 particula
507 930 595 992 velat.
625 923 694 1010 lug.
717 931 817 1012 31,23.
854 926 950 1022 sociis
985 926 1102 992 vestris
1137 927 1239 994 voluti
1267 928 1427 1008 hostibus,

235 1038 385 1104 hostibus
416 1058 477 1122 pro
517 1037 613 1104 sociis
655 1042 799 1104 utuntur.
836 1038 904 1122 lug.
934 1044 984 1119 61,
991 1080 1017 1126 3.
1051 1059 1164 1104 eorum
1196 1041 1334 1106 notoria
1365 1062 1426 1124 pro

236 1150 337 1217 armis
357 1151 416 1216 uti.

320 1262 491 1328 Ablativus
510 1261 767 1328 instrumentalis
790 1262 981 1348 conjunctus
1004 1284 1078 1328 cum
1095 1263 1203 1330 vorbis
1222 1270 1429 1330 iniranciiicic

236 1375 357 1442 transit
375 1375 410 1441 in
430 1373 594 1441 notionem
617 1380 771 1440 causalem
793 1373 979 1459 significans
996 1395 1128 1440 oausam
1140 1376 1197 1458 rai,
1220 1397 1287 1461 qua
1303 1377 1430 1460 aliquid

237 1487 379 1554 officitur
399 1487 451 1553 vel
473 1488 578 1554 oritur
599 1486 681 1567 „den
704 1486 924 1572 Saohgrund“.
968 1487 1059 1553 Haec
1088 1487 1190 1554 verba
1219 1488 1430 1555 intransitiva

236 1599 428 1685 plerumque
449 1599 652 1666 reconditam
673 1599 706 1664 in
726 1619 761 1665 so
782 1599 906 1665 habent
928 1599 1197 1683 significationem
1217 1601 1392 1685 passivam.

322 1717 425 1778 abire:
462 1717 590 1778 lanaria
622 1715 722 1794 atque
752 1717 858 1792 inopia
889 1733 1047 1797 praeceps
1082 1713 1210 1779 abierat
1239 1713 1307 1779 Cat.
1343 1719 1396 1795 25,
1405 1755 1431 1800 4.

322 1829 485 1891 accidere:
514 1823 549 1890 id
572 1828 756 1890 socordiane
784 1845 827 1889 au
856 1845 932 1890 casm
962 1824 1119 1890 acciderit
1143 1847 1261 1910 parum
1292 1828 1433 1910 cognovi

235 1937 303 2020 lug.
324 1942 374 2017 79,
381 1977 407 2024 5.

323 2056 516 2115 adolescere:
555 2048 645 2114 coria
673 2069 787 2114 recens
816 2047 966 2115 detracta
994 2049 1089 2133 quasi
1114 2055 1233 2131 glotino
1264 2049 1433 2116 adolesce-

236 2160 318 2228 bant
337 2161 376 2226 ir.
399 2161 453 2227 IV.
471 2167 500 2226 2.

319 2284 485 2341 aeciaare:
506 2293 647 2356 namque
670 2276 767 2339 antea
788 2273 946 2357 pleraque
967 2273 1122 2341 nobilitas
1150 2279 1268 2340 invidia
1298 2279 1433 2340 aestua-

236 2387 296 2453 bat
316 2386 385 2453 (lat.
407 2391 493 2473 23,6.

322 2508 394 2564 anie
410 2503 531 2580 faisse:
554 2502 710 2578 facundia
732 2495 876 2563 Graecos
897 2503 1001 2578 aleria
1027 2497 1106 2564 belli
1129 2497 1242 2564 Gallos
1265 2503 1341 2564 ante
1362 2499 1432 2565 Ro·

236 2633 351 2678 manos
372 2611 473 2676 fuisse
495 2610 564 2675 Cat.
588 2615 672 2696 53.3.

324 2744 439 2805 caere:
461 2729 544 2788 emita
565 2722 740 2788 Persarum
758 2723 865 2807 justos
889 2727 922 2786 et
945 2722 1092 2806 egrogios
1115 2744 1212 2806 agero
1235 2724 1275 2788 fr.
1293 2723 1317 2787 I.
1341 2729 1391 2788 63.

324 2839 480 2901 amittere:
509 2839 713 2904 dominatione
734 2834 844 2900 Sullae
874 2855 971 2917 agros
1000 2834 1152 2919 bonaque
1180 2837 1289 2900 omnia
1311 2837 1432 2901 amise-

238 2953 293 3015 rat
313 2947 381 3013 Cat.
402 2951 453 3027 28,
461 2987 485 3032 4.

145 3051 150 3056 ⁸
323 3064 460 3126 anteire:
483 3081 556 3125 cum
579 3059 682 3124 omnis
700 3063 803 3141 aleria
825 3059 965 3124 anteiret
987 3060 1137 3145 Iug.6,1.
1160 3058 1216 3142 qui
1239 3069 1341 3126 aetate
1362 3061 1431 3143 (ce-

240 3175 342 3259 toros)
365 3177 399 3239 ot
420 3178 547 3238 concilio
568 3176 694 3238 ceteros
717 3169 865 3237 anteibat
887 3170 926 3237 fr.
948 3173 972 3237 I.
994 3177 1044 3238 47.

324 3292 456 3351 cadere:
479 3294 597 3350 saamei
612 3285 718 3369 ipsum
734 3290 873 3364 pecnnia
886 3286 1099 3370 praecipitem
1112 3306 1264 3352 casurum
1274 3287 1344 3370 lug.
1362 3292 1393 3366 8,
1403 3329 1429 3372 2.

324 3406 452 3467 cedere:
474 3403 640 3479 similando,
662 3404 794 3479 aaendo,
824 3397 907 3463 bene
930 3403 1116 3464 concalendo
1142 3419 1299 3483 prospere
1320 3401 1432 3464 omnia

239 3511 359 3579 cedunt
380 3512 449 3578 Cat.
473 3517 571 3598 ὅλῃ.

324 3630 489 3691 claudere:
512 3644 617 3708 neque
639 3625 724 3690 enim
745 3627 925 3706 ignorantia
954 3644 1007 3689 res
1030 3623 1153 3690 claudit
1175 3625 1228 3690 Or.
1252 3623 1352 3690 Macr.
1376 3629 1431 3691 25.

238 3736 319 3804 nihil
338 3741 483 3804 socordia
505 3735 680 3803 claudebat
701 3736 740 3802 fr.
760 3736 826 3802 Ino.
851 3739 921 3802 107.

324 3859 514 3930 competere:
542 3869 647 3934 noque
677 3854 777 3914 animo
807 3868 912 3932 neque
935 3853 1062 3915 aariimc
1091 3853 1150 3914 aut
1171 3852 1279 3930 linoae
1301 3869 1432 3934 compo·

235 3967 310 4030 tere
331 3960 368 4027 ir.
388 3962 413 4027 Ι.
436 3968 487 4029 88.

324 4079 508 4140 concidere:
529 4079 669 4140 adrorcie
692 4077 865 4141 volneribus
889 4073 1098 4140 conciderant
1120 4073 1188 4138 Cat.
1212 4079 1262 4152 61,
1269 4115 1294 4160 3.

326 4191 580 4253 contremiscere:
603 4207 661 4268 oao
681 4196 762 4252 meta
782 4185 880 4251 Italia
901 4186 1004 4251 omnis
1025 4185 1220 4251 contremuit
1239 4185 1307 4268 Ing.
1327 4190 1434 4272 114η.

327 4319 546 4365 consenescere
555 4327 564 4363 .·
598 4303 712 4365 contra
739 4298 802 4364 illis
831 4303 921 4364 anais
951 4302 1050 4382 atque
1082 4303 1195 4363 divitiis
1224 4297 1331 4362 omnia
1353 4317 1434 4363 con-

239 4416 414 4480 senuerant
434 4411 503 4478 Oat
525 4416 618 4498 20,10.

326 4543 487 4592 crescere:
519 4523 576 4590 ubi
605 4527 832 4606 intereatque
855 4527 981 4602 jmacio
1002 4543 1054 4586 res
1081 4521 1213 4607 publica
1235 4521 1336 4586 crevit
1358 4521 1433 4588 Cat.
