3180 5276
593 439 811 500 ..59-

117 632 193 709 54„
215 629 298 708 89,4.
313 629 515 704 praeclarius
538 623 604 704 lug.
629 632 725 708 8544.
750 631 840 688 mullo
860 629 972 702 aprima
993 624 1061 706 lug.
1086 629 1136 701 85,
1143 665 1183 709 33.
1207 630 1298 688 mullo

110 743 201 816 plara
229 736 316 801 bona
343 735 412 818 lug.
445 740 547 821 102„
577 741 667 800 multo
697 735 831 820 propius
857 734 910 800 Or.
933 735 1014 800 Phil.
1040 741 1088 802 10.
1110 741 1201 800 multo
1217 756 1298 815 pua-

115 853 241 914 cr'cribes
273 845 332 931 Ep.
362 847 472 931 Pomp.
496 853 525 914 5.
562 853 654 913 malta
684 847 821 913 celerius
853 847 892 912 fr.
921 847 977 912 lll.
1009 852 1057 912 12.
1101 854 1188 913 baud
1207 853 1298 912 multo

115 981 203 1026 secus
224 960 262 1024 fr.
285 959 341 1024 ΙΙΙ.
365 963 415 1025 67.

189 1078 302 1152 paulo:
333 1075 480 1137 occultius
511 1071 579 1136 Cat.
612 1077 660 1152 17,
671 1111 696 1158 5.
734 1075 872 1137 severior
909 1071 977 1137 Cat.
1011 1076 1109 1158 51,15.
1147 1077 1299 1137 diversius

113 1185 179 1252 Cat.
201 1189 282 1270 61,3.
313 1187 514 1250 inconsultius
542 1183 611 1268 lug.
636 1189 720 1270 35,6.
744 1188 902 1250 editiorem
927 1182 996 1268 lug.
1019 1189 1102 1270 58,3.
1129 1188 1298 1263 superiori·

111 1303 167 1362 bus
186 1295 253 1378 lug.
279 1300 354 1382 aa,
377 1300 520 1375 asperior
539 1296 608 1379 lug.
635 1301 720 1382 9i,2.

196 1417 326 1488 quanto:
349 1417 522 1487 quantoque
544 1413 637 1474 lutus
659 1405 759 1474 factio
781 1407 951 1474 noxiorum
974 1411 1052 1491 agat
1073 1408 1126 1474 Or.
1146 1407 1246 1472 Maur.
1271 1413 1298 1473 3.

195 1521 382 1603 Sequuntur
404 1541 464 1599 qao
554 1541 598 1588 co.
622 1539 687 1604 quc
709 1520 815 1586 minus
838 1520 975 1604 gloriam
988 1519 1124 1604 petebat
1142 1541 1179 1584 eo
1196 1520 1300 1603 magis

111 1631 307 1718 sequebatur
336 1631 404 1698 Cat.
429 1637 512 1718 54,5.
544 1653 608 1716 quo
639 1631 736 1716 plura
763 1632 846 1699 bene
875 1637 974 1716 atque
1005 1636 1136 1698 strenue
1159 1631 1298 1712 fecisset,

111 1767 149 1812 eo
171 1745 312 1812 animum
336 1765 430 1810 suum
451 1743 604 1830 iujuriam
626 1744 732 1810 minus
754 1745 896 1811 tolerare
917 1744 986 1830 lug.
1009 1749 1092 1832 223.
1116 1764 1180 1827 quc
1196 1743 1300 1826 pluris

111 1863 161 1923 est
180 1857 332 1924 universa
354 1855 562 1940 respublica
655 1877 694 1922 eo
714 1856 838 1941 maiore
865 1877 944 1922 cura
967 1856 1056 1922 illam
1078 1855 1299 1921 administrari

109 1972 177 2053 Iug.
199 1975 250 2048 85,
260 2009 284 2054 2.
328 1969 479 2034 inversus
502 1967 583 2034 orde
604 1972 712 2034 exstat
734 1968 800 2052 lug.
825 1973 923 2056 3l„7.
947 1973 1045 2052 atque
1069 1989 1108 2034 eo
1129 1967 1296 2033 vehemen-

111 2083 184 2162 tius,
207 2101 272 2164 quo
294 2081 400 2166 majus
423 2079 563 2148 dedecus
587 2084 644 2146 est.

194 2202 291 2274 quant
398 2203 501 2259 tauto:
533 2197 654 2276 quanto
682 2213 740 2258 vos
772 2192 929 2259 attentius
1025 2198 1117 2258 tauto
1210 2191 1299 2258 iufir-

109 2307 191 2371 mior
221 2305 290 2371 aar.
323 2309 421 2392 5218.
453 2310 575 2388 quanto
672 2305 889 2388 praeclarior,
915 2310 1008 2372 tanto
1107 2305 1300 2389 flagitiosior

110 2420 177 2502 lug.
200 2423 251 2498 85,
261 2459 302 2504 22.
325 2423 448 2502 quanto
470 2417 575 2482 minus
668 2422 760 2482 tauto
789 2417 927 2483 tutiores
955 2417 1024 2501 lug.
1049 2422 1153 2503 107‚1.
1177 2421 1299 2500 quanto

179 2529 305 2596 avidius
394 2534 487 2595 tanto
578 2529 686 2594 acrius
709 2529 763 2594 Or.
785 2528 867 2594 Phil.
895 2533 943 2594 17.

195 2642 285 2708 Idem
307 2641 469 2708 ablativus
488 2662 667 2708 mensurae
690 2639 865 2706 adhibetur
894 2639 937 2706 ad
960 2640 1205 2725 significandam
1229 2653 1299 2708 tcm-

87 2760 195 2834 poris
213 2753 387 2834 notionem,
417 2759 539 2837 quanto
570 2758 646 2819 ante
674 2754 725 2818 vel
752 2758 828 2837 post
856 2752 979 2818 iactum
1005 2753 1138 2837 aliquod
1160 2754 1225 2819 alia
1247 2776 1300 2820 res

109 2865 276 2931 acciderit.
320 2886 400 2958 quous
417 2872 515 2946 paulo
531 2875 603 2930 uate
618 2865 794 2931 memoravi
810 2864 879 2930 Cat.
896 2869 980 2950 20,1.
1003 2870 1088 2952 26„
1111 2873 1194 2952 44„
1218 2872 1299 2952 46„

109 2983 192 3064 la,
217 2983 299 3064 50„
322 2983 421 3064 sr„,.
457 2979 634 3062 lug.14„.
664 2982 746 3062 20„
773 2981 856 3063 aa,
884 2982 968 3062 si„.
1001 2983 1084 3063 aa,
1116 2983 1217 3064 101„.
1246 2978 1299 3044 or.

108 3089 186 3174 Lep.
212 3096 260 3155 11.
304 3097 394 3156 multo
418 3095 493 3156 ante
513 3089 595 3156 lucis
617 3089 791 3156 adrentum
811 3089 880 3174 lug.
903 3095 953 3169 91,
960 3130 985 3175 ὃ.

192 3208 288 3283 paulo
304 3212 395 3281 post:
427 3223 500 3267 cum
531 3202 666 3268 armatis
692 3201 877 3268 hominibus
967 3202 1102 3269 introire
1124 3201 1192 3268 Cat.
1216 3207 1299 3289 28,1.

110 3320 208 3401 51,34.
239 3314 307 3398 lug.
328 3318 409 3402 aa,
433 3321 515 3402 71,5.
560 3313 673 3380 Multis
708 3313 788 3379 locis
820 3313 940 3398 legitur
966 3323 1041 3394 post
1070 3321 1185 3394 paulo:
1226 3320 1301 3399 post

106 3427 205 3510 paulo
228 3426 379 3507 Catilina,
404 3427 618 3512 pecuniarum
639 3426 895 3510 repetundarum
915 3448 1000 3507 reus,
1022 3426 1206 3511 prohibitus
1229 3432 1301 3492 erat

108 3541 314 3606 consulatum
340 3544 453 3623 petere
476 3539 544 3606 Cat.
569 3546 651 3626 18,3.
673 3539 743 3622 lug.
766 3543 848 3625 aa,
872 3545 955 3624 74,1.
982 3545 1086 3626 106„

194 3651 367 3718 Ablativus
396 3659 487 3718 mullo
516 3652 723 3737 conjungitur
753 3656 927 3735 praeterea
950 3671 1022 3717 cum
1044 3650 1159 3732 verbis,
1183 3651 1300 3735 quibus

107 3765 194 3830 inest
214 3765 305 3830 notio
328 3769 546 3844 comparativi:
568 3765 602 3830 in
624 3763 814 3848 republica
835 3769 926 3829 multo
941 3772 1089 3843 praestat
1108 3764 1177 3847 lug.
1201 3769 1299 3850 31,28.

108 3898 184 3942 cum
206 3898 264 3942 eae
280 3883 379 3956 paulo
396 3887 622 3956 processerunt
642 3875 709 3959 Iug.
733 3881 783 3956 92,
793 3917 817 3962 3.

196 3989 268 4054 Nou
282 3987 431 4054 omnibus
445 3987 525 4054 locis
541 3993 721 4072 sequuntur
738 4009 773 4054 eo
863 4009 933 4068 pac,
957 3987 1014 4054 sed
1026 3987 1189 4054 interdum
1205 4010 1240 4054 co

108 4107 201 4178 quod,
222 4100 399 4186 praecipue
420 4101 454 4166 iu
476 4100 615 4166 formula
636 4122 671 4166 eo
762 4105 879 4182 trapis·
903 4121 938 4166 eo
960 4106 1058 4182 mepte
1081 4107 1162 4180 qaod
1182 4100 1262 4166 mihi
1281 4122 1301 4165 a

106 4231 170 4294 spe
190 4214 315 4278 animus
336 4212 420 4278 liber
442 4216 514 4278 erat
535 4213 604 4279 Cat.
625 4219 687 4299 4,2.
719 4213 787 4296 lug.
809 4217 892 4299 22„.
925 4233 959 4277 eo
978 4216 1118 4290 firmiora
1145 4212 1300 4279 videban-

106 4327 175 4402 tur,
195 4325 281 4409 quod
309 4325 378 4408 lug.
402 4330 477 4412 64,6.
510 4347 545 4392 ec
562 4330 691 4406 facilius
713 4324 907 4406 retinebant,
937 4324 1025 4408 quod
1046 4324 1115 4409 lug.
1139 4329 1220 4410 78,4.
1251 4345 1300 4390 se·

106 4435 223 4517 quitur
254 4443 326 4517 qaia
356 4438 423 4522 lug.
447 4439 498 4518 89,
509 4477 532 4523 7.
564 4459 598 4504 eo
617 4442 747 4519 facilius
777 4436 998 4517 tolerabatur,
1037 4437 1114 4520 quia
1142 4436 1300 4502 Numidae

105 4547 300 4634 plerumque
320 4549 406 4615 lacte
429 4599 479 4615 ...
502 4549 726 4616 vescebantur.
