3180 5276
733 462 950 522 ..50-

246 645 296 722 35,
306 683 331 730 ,.
354 647 438 729 43„.
456 649 538 727 aa,
561 642 699 729 1ug.e„.
723 649 817 730 9„.,.
842 651 924 731 11„.
948 651 1030 730 aa,
1052 650 1136 730 aa,
1154 651 1331 732 44‚,.5s‚,.
1353 651 1438 730 aa,

247 759 329 839 ea„.
354 760 437 842 70‚,.
461 761 560 841 75„0.
584 761 668 842 aa,
692 755 729 820 fr.
753 758 809 822 111.
833 763 882 824 or.
1103 760 1106 766 ·

330 865 502 934 Ablativus
525 867 613 934 solus
647 868 810 952 significat
837 868 1001 935 interdum
1023 891 1148 936 eausam
1169 890 1237 953 qua
1258 868 1356 935 homo
1377 871 1438 934 im-
1569 903 1570 906 ¹

244 977 377 1062 pellitur
399 980 442 1045 ad
466 980 627 1064 agendum
657 980 790 1065 aliquid,
820 981 854 1046 id
877 987 928 1047 est
948 1003 1073 1047 causam
1096 988 1221 1063 arcadi,
1245 1002 1353 1066 ‚quam
1377 1003 1438 1047 nos

244 1089 397 1158 dicimus:
433 1091 665 1176 Beweggrund.
721 1093 816 1159 Tales
845 1114 963 1159 causae
995 1094 1083 1178 apud
1113 1094 1288 1179 scriptores
1316 1115 1439 1160 aureae

246 1203 364 1270 aetatis
386 1203 577 1289 plerumque
599 1204 896 1290 praepositionibus
916 1217 1048 1286 propter
1069 1206 1179 1272 veleb
1201 1207 1437 1290 exprimuntur.

244 1313 367 1382 Tamen
388 1337 453 1382 non
474 1338 581 1402 pauca
602 1317 751 1402 exempla
783 1322 817 1382 et
835 1317 924 1402 apud
952 1318 1148 1400 Ciceronem,
1178 1319 1360 1400 Caesarem,
1382 1319 1437 1384 Id-

244 1429 330 1494 vium
353 1429 576 1511 inveniuntur,
605 1430 640 1495 in
669 1429 787 1514 quibus
819 1451 937 1496 causas
967 1429 1086 1514 agendi
1115 1430 1184 1496 solo
1214 1430 1358 1497 ablativo
1381 1432 1438 1497 do·
1570 1409 1571 1430 ³

243 1540 440 1608 scribuntur.
484 1541 643 1628 Exempla
666 1541 867 1609 Sallustiana
889 1543 987 1627 hujus
1007 1548 1193 1608 structurae
1217 1549 1293 1609 sunt
1314 1543 1413 1609 haec:

291 1659 409 1720 stadio:
432 1660 550 1720 cuncta
572 1654 666 1739 plebs
687 1677 844 1721 novarum
867 1677 976 1721 rerum
999 1661 1101 1721 stadio
1123 1655 1282 1721 Catilinae
1304 1658 1436 1741 incepta

243 1765 409 1850 probabat
434 1766 504 1832 Cat.
530 1771 613 1852 37„.
641 1768 818 1833 certeseia
841 1789 926 1852 quae
949 1767 1191 1834 dixeritstaalio
1213 1769 1436 1853 reipublicae

247 1878 367 1944 dixisse
389 1879 459 1960 Cat,
482 1885 532 1961 51,
545 1920 584 1965 16.
618 1884 720 1946 stadio
750 1880 883 1964 legundi
903 1879 1063 1965 paulatim
1084 1901 1187 1965 prope
1210 1881 1253 1946 ad
1274 1903 1434 1946 summurn

242 1991 361 2057 montis
384 2011 534 2076 egressus
557 1997 607 2058 est
628 1993 697 2077 lug.
721 1998 806 2079 93,2.

328 2110 415 2171 odio:
444 2110 513 2170 odio
536 2125 669 2170 suarum
697 2126 807 2171 rerum
828 2106 949 2172 mutari
978 2104 1087 2170 omnia
1109 2104 1240 2174 student
1262 2106 1331 2171 Cat.
1349 2111 1434 2192 37,3.

242 2222 429 2301 quantaque
461 2217 493 2284 vi
520 2217 721 2302 rogationem
747 2218 899 2302 jusserit,
931 2218 1035 2301 magis
1075 2223 1144 2284 odio
1172 2217 1353 2284 nobilitatis
1383 2220 1435 2283 cui

240 2329 329 2394 mala
350 2329 408 2395 illa
427 2327 642 2414 parabantur,
666 2349 764 2413 quam
786 2349 865 2394 cara
887 2329 1106 2413 reipublicae
1128 2331 1197 2413 lug.
1220 2336 1308 2416 4⁰2³·

326 2447 554 2508 malevolentia:
579 2463 663 2527 quae
687 2441 807 2508 delicta
829 2442 1080 2527 reprehenderis
1102 2449 1308 2508 malivolentia
1330 2448 1364 2508 et
1387 2448 1433 2507 in·

245 2559 329 2620 vidia
351 2554 440 2621 dicta
461 2560 580 2640 putant
602 2555 671 2621 (lat.
695 2561 723 2637 3,
734 2597 759 2642 2.
1009 2553 1012 2560 '

326 2672 506 2733 iracundia:
536 2668 563 2733 si
596 2667 674 2751 quid
703 2671 869 2732 iracundia
900 2667 1084 2752 deliquere,
1114 2667 1212 2751 pauci
1235 2667 1342 2732 sciunt
1364 2667 1432 2732 Cat.

244 2785 344 2866 5l‚12·
943 2778 945 2784 Ι

325 2903 422 2958 mata:
449 2894 499 2958 sin
526 2903 606 2957 meta
638 2892 839 2973 cesserimus,
870 2890 985 2958 cadem
1015 2890 1073 2956 illa
1103 2891 1242 2956 advorsa
1264 2890 1344 2956 fient
1364 2891 1432 2958 (lat.

242 3011 324 3091 58„.
358 3005 450 3091 cujus
472 3005 615 3090 impulsu
637 3005 797 3089 Iugurtha
820 3003 1026 3084 deditionem,
1058 3024 1156 3088 quam
1178 3015 1258 3070 meta
1279 3004 1431 3084 deseruit,

239 3119 408 3202 inceperat
427 3118 495 3201 lug.
519 3123 607 3198 70,1.
647 3117 742 3183 aliter
765 3137 865 3201 quam
895 3127 975 3182 meta
993 3117 1070 3201 jura
1100 3117 1262 3201 quaedam
1292 3117 1432 3182 tribunis

240 3230 346 3315 plebis
369 3230 514 3295 restituit
537 3229 590 3294 Or.
614 3229 715 3296 Mser.
738 3236 766 3295 8.

323 3347 511 3425 formidine:
534 3363 571 3407 ea
588 3347 759 3423 formidine
779 3341 874 3408 multi
894 3342 1052 3407 mortales
1075 3341 1230 3407 Romanis
1252 3341 1354 3407 dediti
1376 3340 1433 3406 ob-

243 3455 330 3521 sides
348 3456 417 3539 lug.
430 3461 512 3540 54„.
534 3455 635 3520 ceteri
645 3459 825 3536 formidine,
839 3475 918 3539 pars
935 3453 977 3520 ad
989 3455 1164 3534 Romanos,
1188 3454 1244 3518 alii
1264 3453 1307 3518 ad
1323 3473 1433 3536 regem

243 3567 409 3634 Bocchum
430 3568 645 3653 profugerant
663 3567 731 3650 lug.
756 3572 805 3648 74,
819 3609 842 3652 1.
885 3587 969 3650 quae
991 3572 1061 3632 tum
1077 3571 1248 3648 formidine
1268 3570 1433 3630 mercatus

244 3703 314 3746 sum
337 3680 391 3745 Or.
414 3679 491 3765 Lep.
518 3686 566 3747 18.
611 3680 717 3747 Carbo
741 3684 826 3760 turpi
844 3684 1015 3761 formidine
1036 3678 1166 3745 Italiam
1187 3684 1286 3762 atque
1311 3678 1433 3743 exerci-

239 3799 293 3858 tus
316 3791 461 3858 deseruit
480 3792 519 3858 ir.
540 3794 564 3859 l.
589 3797 638 3858 28.

327 3909 490 3985 cupidine:
528 3923 606 3989 pars
628 3905 744 3988 imperi
767 3909 922 3984 cupidine,
954 3903 1010 3968 alii
1031 3903 1248 3970 multitudinis
1263 3902 1352 3968 domi
1375 3902 1433 3968 mi·

240 4016 388 4083 nuendae
410 4019 517 4101 gratia
611 4017 795 4101 Hipponem
817 4067 824 4082 .
843 4067 870 4083 ..
895 4015 1069 4106 condidere
1091 4016 1159 4099 lug.
1185 4021 1270 4100 19,1.
1302 4020 1336 4080 et
1358 4033 1436 4080 sane

242 4128 401 4196 Gracchis
424 4135 570 4211 cupidine
593 4130 750 4195 victoriae
779 4129 869 4195 haud
891 4130 971 4195 satis
997 4128 1186 4195 moderatus
1209 4128 1337 4192 animus
1373 4127 1435 4192 init

240 4243 308 4327 lug.
332 4247 415 4330 422.

325 4376 396 4434 spe:
427 4375 520 4420 arma
541 4354 608 4420 tela
628 4353 694 4420 alia
714 4375 798 4440 quae
820 4375 876 4436 spe
899 4354 990 4438 pacis
1014 4353 1177 4434 amiserat,
1205 4352 1341 4418 reficere
1363 4353 1433 4436 Iug.

240 4477 323 4555 tt„
385 4473 496 4534 bacina
527 4490 582 4546 spa
608 4468 748 4551 populus
779 4468 943 4532 Romanus
983 4466 1104 4532 liberos
1138 4487 1213 4530 suos
1244 4465 1286 4529 ad
1315 4465 1438 4530 bellum
