3180 5276
586 449 801 511 ,29-

97 634 212 700 amicis
235 632 448 700 amicissimos
469 632 578 698 fecisti
598 631 667 716 Iug.
694 636 777 717 1⁰³2·
800 635 903 712 picria
923 631 1079 698 invidiam
1101 633 1207 698 vicisti
1220 633 1289 716 lug.

97 751 148 827 10,
156 788 182 834 2.
211 746 270 812 sed
294 745 380 812 bono
406 745 492 812 vinci
514 745 617 812 satius
645 749 696 810 est
717 763 816 828 quam
842 749 922 810 rnato
943 765 1028 810 more
1047 744 1201 830 injuriam
1221 746 1290 810 vin·

94 879 171 924 cere
192 859 261 942 Ing.
284 863 366 945 423.
391 858 563 943 pecuniam
594 879 653 922 aaa
675 861 735 924 aut
754 855 934 922 amicorum
951 863 1015 935 fide
1037 862 1200 942 sumptam
1220 878 1290 922 mn·

93 976 189 1038 tuam
211 970 280 1037 Cat.
303 973 387 1057 24‚‚.
420 974 565 1037 socordia
587 974 686 1054 atque
711 973 833 1035 desidia
855 967 975 1035 bonum
997 969 1099 1036 otium
1122 975 1290 1036 conterere

95 1084 166 1150 Cat.
189 1087 330 1170 4‚1.nsu
352 1081 502 1150 militiam
524 1079 651 1148 discere
675 1080 744 1148 Cat.
767 1085 831 1166 7,4.
863 1101 903 1147 eo
924 1082 1034 1148 omnia
1062 1087 1139 1148 inca
1161 1088 1292 1148 anteca-

93 1215 175 1280 pere
197 1195 266 1261 Cat
290 1199 340 1276 13,
348 1235 374 1281 3.
403 1199 538 1260 honestis
560 1197 779 1260 nominibus...
808 1192 929 1260 bonum
950 1193 1116 1278 publicum
1138 1194 1292 1260 simulan-

93 1313 147 1374 tes
168 1328 229 1392 pro
257 1327 317 1373 sua
345 1304 483 1390 quisque
511 1305 660 1390 potentia
688 1305 860 1373 certabant
881 1305 950 1370 Cat.
974 1310 1024 1387 38,
1031 1347 1057 1392 ὃ.
1081 1312 1161 1386 jure
1181 1307 1290 1392 potius

95 1440 197 1503 quam
218 1422 295 1485 betto
316 1418 500 1503 disceptare
521 1419 591 1503 lug.
615 1422 699 1503 21‚4.
722 1427 818 1484 marte
839 1437 962 1502 poenes
984 1417 1076 1484 dedit
1097 1417 1165 1484 Cat.
1190 1423 1290 1504 5231.

93 1535 309 1612 mannitudine
343 1553 402 1610 aaa
437 1531 719 1615 imperatorum...
749 1529 830 1595 vitio
865 1530 1073 1598 sustentabat
1109 1529 1178 1596 (iat
1210 1535 1291 1616 53‚5.

94 1649 229 1724 strepitu
257 1648 293 1709 et
313 1648 440 1709 tumultu
471 1642 580 1709 omnia
601 1642 738 1708 miscere
757 1642 826 1726 Ing.
851 1646 900 1722 12,
907 1683 933 1728 5.
963 1663 1004 1708 ne
1025 1648 1147 1722 polluta
1166 1647 1292 1708 licentia

93 1755 253 1822 invidiam
284 1755 478 1822 accenderet
502 1755 572 1838 lug.
597 1759 676 1841 ling.
716 1773 854 1838 quorum
884 1759 1069 1820 auctoritate
1097 1775 1182 1838 quae
1212 1754 1291 1820 dcli·

95 1869 224 1952 qnisset
252 1867 378 1932 munita
404 1865 475 1932 iore
504 1865 661 1950 sperabat
689 1865 758 1950 lug.
789 1869 879 1952 28‚4..
902 1885 1040 1949 quorum
1062 1871 1204 1946 potentia
1234 1870 1292 1932 aut

94 1985 216 2046 scelere
246 1983 364 2046 cuncta
394 1998 433 2044 ea
459 1982 606 2062 gesserat
635 1978 704 2062 Ing.
735 1983 786 2058 33,
794 2019 819 2065 2.
854 1983 949 2044 arnis
978 1983 1036 2044 aut
1058 1983 1212 2044 ardinnae
1234 1983 1293 2043 out

95 2091 213 2175 quovis
241 2090 338 2156 modo
368 2089 491 2156 bellum
520 2088 695 2155 conficeret
722 2089 791 2174 Ing.
822 2093 909 2175 36η.
942 2088 1020 2156 belli
1049 2089 1163 2170 modo,
1194 2087 1291 2155 modo

94 2203 191 2288 pacis
212 2224 299 2269 mora
321 2201 487 2268 consulem
507 2200 670 2268 ludificari
690 2201 761 2286 Ing.
785 2206 864 2289 3⁶22·
888 2201 976 2285 quod
995 2206 1199 2269 diuturnitate
1214 2200 1292 2267 belli

95 2337 152 2381 res
177 2313 347 2380 familiaris
381 2318 595 2398 corruperant
626 2314 694 2397 lug.
718 2318 800 2400 ciffi.
831 2334 929 2399 quam
957 2314 1062 2380 vitare
1096 2334 1192 2399 posse
1214 2320 1291 2379 celc-

95 2433 193 2492 ritate
221 2426 363 2512 putabat
389 2427 566 2512 Iug.76,1.
594 2446 659 2492 non
680 2431 854 2492 hereditate
880 2425 996 2492 relicta
1024 2427 1093 2511 lug.
1117 2431 1216 2512 85,30.
1240 2446 1291 2489 cn-

89 2545 161 2619 pitc
176 2559 289 2606 censos
306 2537 480 2624 plerosquo
491 2538 561 2622 lug.
579 2542 662 2624 ⁸⁶22·
685 2541 761 2604 betto
775 2537 982 2604 concordiam
997 2538 1128 2622 qnaeris
1141 2521 1195 2604 Oi.
1209 2537 1291 2602 Phil.
1412 2597 1416 2604 .
1432 2595 1436 2604 .

97 2657 149 2716 15.
174 2655 343 2732 sumptibus
352 2654 386 2716 et
395 2654 583 2716 contumetiis
595 2670 635 2716 ex
650 2669 728 2735 rege
742 2649 959 2716 miserrimum
975 2668 1142 2716 sensorum
1156 2648 1292 2716 effecere

94 2764 159 2848 Ep.
183 2761 294 2828 Mithr.
316 2767 346 2829 8.
376 2783 440 2830 nen
466 2761 561 2828 malis
583 2766 729 2842 pernicie
750 2771 858 2828 nostra
885 2766 976 2828 tuam
1004 2760 1172 2846 prolatare
1194 2782 1293 2845 quom

94 2880 247 2942 societate
268 2875 373 2940 victor
404 2873 477 2940 fieri
503 2874 563 2959 Ep.
585 2872 696 2940 Mithr.
725 2877 777 2939 23.
806 2873 961 2940 omnia...
990 2872 1151 2958 supplicia
1176 2879 1294 2938 sociere

93 3008 164 3054 mea
193 2987 256 3052 vici
287 2985 340 3052 Or.
364 2985 448 3052 0022.
472 2991 501 3051 3.
531 3006 595 3052 neu
625 2985 750 3070 cogatis
779 2989 1011 3052 necessitatibus
1039 2985 1194 3069 privatim
1214 2984 1295 3051 mihi

93 3097 269 3165 consulere
291 3099 350 3182 Ep.
373 3097 484 3182 Pomp.
507 3103 526 3164 8
551 3117 617 3181 qua
637 3118 702 3164 non
727 3102 830 3180 picria
856 3096 1029 3164 movemini
1050 3117 1156 3180 neque
1174 3101 1294 3178 flacitio

93 3215 283 3293 cunctoque
303 3214 470 3290 praesenti
496 3214 622 3291 tenacia
644 3209 828 3276 mutaristis
851 3209 904 3276 Or.
926 3209 1010 3276 Mae.
1033 3213 1084 3276 26.
1113 3213 1219 3274 serviti
1241 3214 1294 3274 irn-

86 3327 187 3403 perio
206 3326 320 3406 patres
343 3320 472 3406 plebem
494 3341 648 3388 exercere
668 3321 709 3388 fr.
731 3321 756 3386 1.
780 3327 808 3388 9.
831 3321 992 3388 militis...
1023 3325 1145 3386 ioniae
1166 3325 1294 3401 inperio

92 3455 199 3520 quam
221 3438 320 3500 antea
342 3432 464 3500 habere
485 3433 555 3518 Ing.
581 3438 664 3520 64‚5‚
686 3438 850 3513 scorpione
868 3433 903 3498 in
920 3439 1030 3500 castra
1049 3433 1168 3499 misere
1184 3432 1223 3498 ir.
1237 3433 1294 3498 111.

92 3552 150 3613 36.
174 3554 267 3626 rapto
296 3545 405 3612 rivere
438 3546 544 3612 coacti
574 3545 614 3611 ir.
635 3545 692 3612 ΠΙ.
714 3551 764 3612 52.
798 3554 882 3612 rorte
903 3545 1018 3614 ductas
1034 3549 1116 3625 susti
1138 3549 1235 3610 necat
1254 3543 1294 3610 fr.

88 3659 377 3726 mamm

190 3769 394 3837 Gonmdium
415 3774 450 3836 et
471 3768 685 3854 gerundivum
703 3767 866 3854 significat
886 3770 1155 3836 instrumentum:
1176 3769 1296 3852 magis-

89 3903 162 3968 que
186 3886 300 3948 dandis
330 3901 429 3967 quam
462 3886 653 3962 accipiendis
676 3885 830 3960 beneficiis
860 3880 1020 3948 amicitias
1042 3880 1206 3965 parabant
1227 3881 1296 3947 Cat.

89 4001 121 4077 6,
128 4035 159 4082 5.
184 4015 268 4077 quas
289 3993 388 4061 urbes
408 4003 524 4060 natura
545 3993 687 4059 munitas
702 3999 877 4075 puanando
900 3993 988 4078 cepit
1011 3992 1079 4059 aas.
1103 3999 1160 4079 ⁷⁹⁷·
1191 3993 1297 4059 multa

86 4111 272 4190 pollicendo
294 4126 354 4190 per
376 4105 523 4172 Fulviam
546 4104 701 4172 effecerat
722 4104 791 4172 Oai.
814 4109 899 4192 26,1.
927 4110 1076 4172 senatum
1103 4110 1295 4172 criminando

85 4217 228 4306 plebem
258 4219 425 4302 exagitare
458 4217 527 4284 Cat.
553 4222 638 4304 38‚1.
678 4217 754 4284 dein
780 4222 943 4300 laraicndo
970 4222 1069 4302 atque
1092 4221 1296 4297 pollicitando

85 4329 204 4414 magis
232 4329 405 4396 incendere
433 4331 613 4416 Cat.38,1.
646 4334 806 4396 nocturnis
835 4334 971 4396 consitiis
1002 4349 1169 4396 armorum
1196 4333 1296 4413 utque

84 4445 240 4512 telorum
265 4446 503 4524 certationibus,
528 4447 711 4523 festinando
746 4447 894 4526 apitando
932 4442 1041 4507 omnia
1068 4441 1142 4526 plns
1170 4441 1297 4508 timoris
1378 4454 1388 4474 ⁸
