3180 5276
607 421 819 482 ...89-

136 605 293 670 accendere
316 610 381 669 est:
403 605 542 669 Marium
563 605 774 684 inflammare,
805 611 842 670 ut
871 627 996 670 summa
1025 626 1085 690 opo
1107 606 1243 687 nitatur,
1266 611 1303 672 ut

133 717 210 782 illum
228 717 391 796 honorem,
415 739 511 801 quem
533 717 667 783 affectat
689 717 899 801 adipiscatur.

206 835 265 894 Pro
286 830 398 895 multis
428 828 509 894 locis
539 828 708 912 significat,
738 850 823 912 quae
853 829 988 895 alterius
1009 829 1066 912 {rei
1095 829 1137 894 ad
1167 829 1304 894 alteram

132 941 244 1006 relatae
265 943 351 1007 ratio
373 941 426 1021 sit,
452 963 520 1006 rem
544 941 687 1024 aliquam
711 963 784 1006 cum
810 940 921 1025 aliqua
944 940 1115 1006 convenire
1137 941 1231 1024 eique
1254 963 1304 1007 re·

130 1054 284 1137 spondere.
329 1053 396 1119 Nos
418 1055 573 1119 vertimus
596 1055 661 1134 „Im
684 1053 871 1120 Verh'rtltnis
893 1075 942 1134 mr,
965 1056 1125 1136 gemitss“:
1147 1051 1241 1118 nobis
1266 1075 1305 1118 ea

128 1187 173 1231 res
187 1187 248 1246 pro
268 1171 480 1246 mopoitudioe
501 1167 559 1250 (im
581 1164 768 1231 Verhtltnis
789 1187 829 1230 zu
850 1164 939 1230 ihrer
961 1165 1166 1250 Bedeutung)
1187 1185 1305 1248 parum

129 1283 287 1360 comperta
311 1283 360 1342 est
381 1276 461 1343 (lat.l
474 1283 523 1358 22,
535 1319 560 1364 3.
605 1279 654 1342 uti
670 1299 733 1356 pro
764 1283 1022 1360 temperantque
1045 1282 1188 1356 periculo
1214 1297 1303 1342 exer-

127 1391 216 1454 citum
240 1394 470 1474 compararent
492 1391 564 1476 (wie
587 1410 621 1454 es
638 1381 714 1454 zeii
730 1388 928 1454 undGelahr
949 1389 1120 1472 zuliessen)
1144 1387 1304 1476 Cat.30,5.

125 1501 155 1564 in
186 1507 293 1566 cetera
324 1501 502 1586 municipia
531 1501 805 1568 distribuerentur
839 1523 903 1581 pro
936 1502 1092 1585 cujusque
1121 1505 1229 1579 opibus
1259 1501 1305 1585 (je

126 1613 201 1678 uach
221 1612 279 1678 der
301 1613 465 1678 einzelnen
481 1613 601 1698 Mittel)
625 1612 694 1679 Cat.
712 1619 793 1699 3⁰2⁷·
826 1612 992 1696 publicam
1014 1613 1205 1678 miserorum
1228 1633 1304 1678 cau-

127 1746 188 1789 sam
212 1747 273 1805 pro
304 1747 372 1790 meo
401 1731 621 1790 consuetudine
647 1726 776 1810 suscepi
805 1725 873 1790 Cat.
901 1730 983 1812 35,3.
1038 1725 1118 1790 satis
1151 1724 1305 1790 honestas

124 1857 177 1914 pro
197 1859 259 1902 meo
281 1857 357 1902 casu
380 1836 446 1921 (fiir
468 1837 573 1902 meins
595 1837 831 1922 Verhitltnisse)
861 1858 935 1922 spes
963 1836 1108 1919 reliquae
1138 1837 1305 1919 dignitatis

129 1948 357 2014 conservandae
380 1970 451 2014 sum
475 1955 605 2014 secutus
627 1949 696 2014 Cat.
710 1955 792 2034 35‚4.
830 1949 859 2014 si
879 1948 978 2032 digna
999 1969 1105 2032 poena
1121 1970 1184 2028 pro
1207 1948 1304 2013 factis

128 2081 228 2125 eorum
248 2062 416 2145 reperitur
437 2063 542 2146 (wenn
564 2061 635 2126 eine
658 2061 703 2126 im
717 2061 904 2127 Verh'altnis
926 2083 966 2127 zu
987 2060 1077 2126 ihrer
1099 2060 1185 2125 That
1207 2081 1304 2146 auge-

129 2193 262 2268 messone
286 2173 394 2238 Strato
418 2172 575 2238 erfunden
596 2173 690 2258 wird)
713 2175 781 2239 Cat.
802 2179 883 2259 51‚3.
930 2172 1079 2238 cohortes
1095 2194 1159 2253 pro
1180 2193 1306 2237 numero

130 2285 257 2350 militum
278 2285 419 2368 complet
435 2285 503 2352 Cat.
521 2291 604 2372 56η.
628 2286 741 2370 (seriel
764 2286 816 2351 die
832 2285 913 2352 Zahl
934 2288 1039 2351 seiner
1054 2285 1208 2352 Soldaten
1230 2283 1304 2348 her-

127 2394 206 2480 gab.)
228 2398 298 2481 ipse
315 2397 419 2482 pedes
435 2399 612 2464 exereitum
628 2420 692 2478 pro
708 2404 772 2462 loco
791 2404 889 2482 atque
911 2403 1007 2478 copiis
1026 2397 1160 2462 instruit
1182 2399 1231 2482 (so
1247 2403 1305 2480 gut

127 2527 157 2571 es
177 2509 233 2573 Ort
264 2509 331 2574 und
355 2509 508 2593 Truppen
537 2509 748 2594 gestatteten)
777 2511 845 2575 eat.
870 2517 952 2595 59‚1.
1003 2508 1064 2574 tibi
1096 2509 1226 2593 quidem
1241 2530 1304 2587 pro

125 2631 223 2685 costra
243 2627 378 2686 amicitia
400 2621 547 2704 gratulor
569 2621 635 2706 (bei
653 2621 711 2686 der
726 2628 822 2688 unter
843 2645 904 2688 uns
924 2621 1146 2688 bestehenden
1159 2621 1304 2686 Freuud-

125 2733 235 2818 schaft)
257 2733 398 2820 Iug.9‚2.
434 2741 544 2800 tomen
560 2756 624 2815 pro
645 2744 780 2816 tempore
800 2735 939 2820 benigne
962 2735 1130 2820 respondit
1151 2735 1305 2819 (derZeit

24 2913 25 2916 ,
125 2847 256 2930 gemass)
286 2845 354 2930 lug.
379 2851 462 2932 ll,1.
500 2847 618 2930 quibus
642 2867 706 2926 pro
729 2853 941 2928 mapuitcdioe
970 2849 1086 2932 imperi
1111 2852 1165 2932 jus
1197 2852 1229 2910 et
1256 2847 1304 2910 in-

119 2956 216 3038 jurias
237 2959 340 3023 omnis
365 2979 462 3023 curae
480 2980 551 3024 esse
569 2959 663 3024 decet
686 2958 754 3044 (bei
777 2959 835 3023 der
849 2959 969 3024 Grdsse
992 2959 1049 3023 des
1061 2958 1213 3042 Reiches)
1235 2958 1303 3041 Ing.

125 3073 216 3155 14,16.
251 3070 439 3154 singulatim
464 3076 522 3137 aut
536 3093 600 3151 pro
622 3077 833 3151 mupoitudioe
857 3093 970 3155 parem
993 3071 1152 3137 disserere
1175 3071 1247 3155 (wie
1270 3091 1305 3135 es

122 3181 171 3246 die
192 3182 403 3266 Wichtigheit
425 3184 483 3249 der
506 3184 611 3250 Sache
637 3184 811 3268 erfordert)
839 3185 908 3268 lug.
932 3190 1015 3270 42‚4.
1060 3190 1225 3268 postremo
1242 3205 1305 3263 pro

121 3295 271 3379 cujusque
292 3301 417 3378 inperio
441 3297 624 3382 pollicendo
650 3297 830 3363 minitando
922 3298 1022 3363 alium
1045 3297 1112 3380 alio
1130 3297 1226 3362 modo
1250 3319 1305 3362 ex·

120 3411 218 3476 citare
241 3412 287 3496 (je
309 3410 395 3475 nach
410 3410 483 3476 dem
499 3409 681 3477 Charakter
702 3411 789 3476 eines
807 3410 919 3495 jeden)
941 3411 1010 3494 lug.
1025 3417 1110 3496 49,4.
1140 3432 1179 3477 ac
1199 3433 1306 3495 pauca

111 3545 175 3603 pro
198 3535 332 3604 tempore
353 3523 472 3589 milites
494 3524 646 3589 hortatus
667 3524 735 3606 lug.
759 3530 843 3610 49,6.
888 3524 957 3608 ipse
974 3546 1037 3605 pro
1060 3546 1096 3590 re
1118 3531 1218 3608 atque
1240 3533 1305 3591 loco

118 3687 146 3700 ..
169 3636 326 3720 paulatim
349 3635 536 3720 procedere,
559 3637 631 3720 (wie
655 3657 689 3700 es
713 3637 801 3701 scine
819 3636 908 3720 Lago
930 3637 997 3702 und
1020 3637 1078 3702 der
1101 3637 1161 3702 Ort
1184 3643 1313 3720 gestat.

115 3749 195 3833 tete)
217 3748 286 3832 lug.
307 3754 388 3833 50‚2.
432 3747 582 3813 Metellus
600 3769 663 3829 pro
685 3758 819 3827 tempore
841 3754 939 3833 atque
971 3741 1035 3814 loco
1057 3749 1183 3832 paratis
1206 3750 1305 3816 rebus

114 3860 183 3943 lug.
207 3866 289 3945 57‚2.
335 3861 473 3924 Romani
490 3881 552 3938 pro
574 3865 698 3940 iopeoio
722 3861 868 3944 quisque,
895 3883 973 3945 pars
1002 3861 1126 3925 eminus
1222 3883 1303 3945 pug-

114 3994 195 4037 nare
218 3972 273 4037 alii
297 3972 471 4038 succedere
491 3973 560 4055 lug.
585 3978 634 4052 57,
645 4013 669 4057 4.
714 3971 777 4038 sibi
800 3974 937 4057 quisque
953 3993 1014 4052 pro
1033 3977 1167 4038 moribus
1190 3995 1304 4039 oonsu-

111 4085 185 4149 lunt
205 4085 273 4166 lug.
298 4091 380 4170 58‚2.
424 4084 584 4149 Numidae
619 4085 660 4150 ab
691 4085 850 4167 Iugurtha
866 4105 930 4164 pro
962 4095 1097 4164 tempore
1124 4087 1234 4169 parati
1255 4087 1303 4150 in-

113 4197 297 4279 structique
327 4196 395 4279 Iug.
420 4202 499 4282 74‚2.
545 4197 622 4278 quia
654 4196 770 4279 singuli
796 4218 859 4276 pro
890 4202 997 4276 opibus
1025 4197 1171 4280 quisque,
1205 4219 1304 4281 quam

110 4309 272 4395 plurimas
293 4328 412 4373 uxores
437 4358 463 4372 ..
487 4307 610 4373 habent
631 4309 700 4391 lug.
723 4314 774 4388 80,
786 4350 810 4393 6.
855 4314 965 4374 tamen
982 4331 1046 4388 pro
1069 4310 1116 4373 rei
1139 4315 1229 4388 copia
1252 4330 1302 4373 sa·

110 4424 155 4486 tis
180 4420 390 4503 providenter
413 4425 550 4484 exornat
579 4421 647 4503 lug.
671 4426 753 4504 90,1.
792 4441 855 4499 pro
881 4430 1015 4499 tempore
1035 4421 1215 4486 instructae
1238 4426 1304 4486 sta-

110 4536 221 4600 tiones
242 4533 280 4597 fr.
305 4533 370 4596 Ine.
394 4538 444 4597 43.
