3180 5276
603 411 940 515 ‘-cs-

218 613 345 685 habere
378 623 449 710 lug.
474 635 537 717 iffi.
570 655 644 699 eum
665 637 826 720 Iugurtha
856 639 987 704 tametsi
1010 639 1135 704 Romae
1162 647 1194 704 m
1216 645 1347 705 inimicis
1370 641 1429 708 ha·

219 724 344 796 buerat
366 736 539 830 Iug.16‚3.
561 765 699 829 quorum
718 750 800 815 adeo
825 749 947 816 Sullam
962 769 1028 814 non
1042 752 1203 834 poenitet,
1225 755 1263 816 ut
1286 759 1319 818 et
1340 753 1429 820 facta

220 843 254 902 im
276 849 384 921 plcric
406 863 560 922 numeret
583 858 637 925 Or.
661 861 738 946 Lep.
765 866 814 927 19.

309 956 425 1028 Verba
444 986 531 1045 pomo
555 977 588 1036 et
609 979 723 1038 colloco
747 979 865 1057 regunt
876 974 1152 1057 praepositionem
1172 979 1204 1038 m
1220 977 1429 1060 conjunctam

223 1082 299 1131 cum
324 1070 489 1145 ablativo:
517 1082 717 1167 reliquarum
740 1086 832 1168 signa
854 1091 886 1148 m
908 1089 1045 1150 subsidio
1068 1087 1172 1152 artius
1196 1087 1336 1154 collocat
1357 1087 1427 1154 Cat.

223 1181 275 1258 59,
286 1220 311 1266 2.
331 1183 390 1250 ille
411 1191 564 1260 cohortes
587 1201 768 1262 veteranas.
798 1197 968 1278 infreme,
989 1203 1064 1280 post
1087 1219 1144 1264 eas
1167 1203 1312 1264 ceterum
1332 1221 1429 1266 exer·

223 1288 328 1358 citum
353 1302 386 1362 im
412 1309 560 1371 mortuiis
581 1309 670 1374 locat
694 1307 762 1373 Cat.
787 1315 869 1394 59‚5.
893 1309 949 1391 qui
972 1313 1004 1373 in
1021 1315 1168 1388 proximo
1182 1311 1282 1376 locati
1297 1311 1431 1377 fuerant

222 1398 294 1484 1¹18·
320 1415 406 1498 59‚2.
439 1424 615 1499 praeterea
641 1420 722 1485 alios
753 1441 851 1504 super
879 1420 1000 1485 vallum
1034 1426 1066 1486 im
1094 1426 1286 1487 munimentis
1317 1424 1430 1504 locare

222 1511 294 1598 1¹18·
326 1526 401 1606 100,
408 1567 433 1612 4·
478 1535 679 1597 domescticus
706 1532 827 1615 legitur
854 1532 923 1614 lug.
955 1537 1038 1620 61sp
1072 1538 1216 1598 ceterum
1248 1536 1430 1601 exercitum

224 1629 258 1688 in
283 1641 500 1719 provinciam,
532 1664 617 1728 quae
645 1645 795 1728 proxima
827 1649 877 1708 est
907 1643 1097 1724 Numidiae,
1126 1643 1293 1710 hiemandi
1320 1647 1431 1730 gratia

227 1741 391 1814 conlocat.
415 1751 455 1817 cf.
478 1753 541 1822 Cic.
565 1755 646 1820 Phil.
669 1757 709 1821 Π.
733 1760 831 1841 37‚94.
855 1761 887 1819 im
910 1761 1110 1821 tetrarchiam
1201 1757 1429 1824 collocaverat.

225 1849 352 1926 liberos
375 1873 594 1951 parentesque
617 1873 650 1932 im
672 1889 775 1932 muros
797 1868 987 1932 locaverant
1007 1865 1047 1931 fr.
1069 1867 1135 1932 Inc.
1158 1873 1208 1934 39.

311 1993 451 2050 ponere:
479 2001 578 2064 super
602 1983 701 2063 caput
731 1985 763 2043 m
788 1984 917 2059 palaico
945 1984 1068 2043 temere
1087 1978 1229 2063 positam
1250 1981 1318 2064 lug.
1343 1987 1428 2067 71‚4.

227 2082 261 2142 im
285 2087 326 2147 iis
349 2093 487 2168 artibus,
509 2113 594 2175 quae
619 2090 662 2156 ad
684 2111 719 2156 se
742 2091 931 2156 defecerant
953 2091 1098 2173 satisque
1120 2093 1265 2158 munitae
1287 2092 1359 2158 loco
1368 2101 1431 2159 aut

126 2199 132 2208 ’
228 2198 402 2266 moenibus
426 2208 529 2281 erant,
550 2203 716 2286 praesidia
738 2208 865 2282 imponit
883 2203 951 2285 Iug.
977 2207 1061 2288 61‚1.
1085 2202 1166 2268 Aliis
1186 2203 1269 2269 locis
1289 2204 1431 2287 legimus

231 2304 409 2378 adverbia:
441 2337 499 2394 qao
602 2314 803 2398 praesidium
829 2315 1030 2398 imposuerat
1055 2315 1124 2398 lug.
1148 2320 1232 2402 66,2.
1254 2315 1294 2381 cf.
1323 2321 1430 2403 103‚1.

231 2422 292 2484 hcc
383 2427 583 2509 praesidium
607 2426 762 2511 imposuit
783 2427 851 2508 lug.
876 2432 958 2511 47,2.
992 2447 1027 2490 eo
1051 2427 1189 2510 imponit
1219 2447 1299 2492 vasa
1320 2429 1431 2513 cujus·

232 2551 296 2612 que
319 2538 407 2602 modi
430 2539 498 2623 lug.
523 2545 572 2620 75,
582 2581 607 2624 4.
629 2577 672 2588 -
694 2543 790 2603 Simm
813 2559 879 2602 esre
894 2524 963 2602 fere
981 2538 1130 2604 omnibus
1143 2538 1224 2604 locis
1244 2538 1357 2604 subest
1369 2561 1433 2605 no-

231 2643 278 2708 tio
309 2649 475 2727 „beruhen
497 2650 587 2716 aul‘:
618 2656 732 2715 nostra
761 2650 863 2715 omnis
885 2650 933 2713 vis
961 2654 993 2712 m
1024 2655 1124 2714 animo
1154 2656 1188 2715 et
1210 2670 1341 2730 corpore
1363 2653 1433 2717 sita

233 2761 284 2821 est
306 2759 375 2826 (lat.
401 2769 460 2849 1‚2.
481 2769 514 2827 m
537 2767 632 2828 armis
654 2764 763 2827 omnia
782 2762 846 2826 sita
866 2761 935 2844 Iug.
951 2766 1035 2846 51‚4.
1059 2782 1198 2844 quorum
1212 2783 1266 2827 res
1279 2762 1434 2847 fidesque

233 2875 266 2932 in
288 2879 428 2940 mombar
451 2877 534 2941 sitae
562 2878 656 2940 erant
684 2875 753 2958 lug.
777 2879 860 2959 73,6.
889 2894 1002 2938 verum
1023 2872 1059 2938 id
1082 2872 1206 2939 frustra
1227 2894 1270 2938 an
1293 2875 1434 2940 obrem

233 2980 362 3066 faciam,
384 2992 416 3052 m
439 2998 541 3052 cestra
564 3007 656 3052 mana
680 2987 779 3051 situm
802 2991 852 3050 est
872 2985 941 3068 Iug.
957 2990 1040 3070 3l‚5.
1064 2985 1150 3064 „Das
1165 2985 1246 3068 liegt
1263 2987 1298 3051 in
1312 3005 1437 3052 euerer

233 3093 360 3162 Hand.“
383 3137 424 3148 -
446 3106 479 3164 im
499 3105 564 3177 fide
584 3104 617 3164 et
639 3103 799 3163 clementio
821 3096 933 3181 populi
951 3096 1090 3162 Romani
1110 3117 1252 3177 maumam
1273 3117 1358 3177 spem
1379 3099 1437 3164 illi

233 3212 323 3272 sitam
350 3211 419 3294 lug.
443 3217 494 3290 33,
501 3251 525 3295 4.
557 3231 631 3294 spes
662 3209 766 3275 omnis
795 3215 828 3273 im
850 3216 933 3289 fuya
961 3209 1025 3273 sita
1047 3213 1127 3274 erat.
1148 3208 1217 3291 lug.
1241 3214 1322 3295 54‚3.
1347 3210 1439 3276 mihi

234 3341 309 3403 spes
334 3343 445 3388 omnes
466 3327 498 3388 im
517 3331 624 3386 memet
645 3321 728 3386 sitae
751 3322 820 3404 Ing.
843 3326 927 3404 85‚4.
951 3339 991 3384 ea
1011 3324 1208 3404 tempestate
1231 3341 1305 3406 spes
1327 3327 1439 3404 atque

233 3451 313 3515 opes
335 3434 476 3500 civitatis
498 3439 530 3498 m
550 3439 602 3498 illc
625 3433 708 3498 sitae
729 3432 797 3516 lug.
823 3437 893 3511 114,
901 3471 926 3516 4.
950 3469 993 3480 -
1013 3435 1112 3497 Locus
1134 3431 1338 3515 significatur
1357 3434 1440 3518 lug.

235 3547 284 3624 37,
294 3586 318 3630 4.
343 3546 441 3611 situm
462 3551 494 3610 im
517 3545 689 3630 praerupti
710 3544 830 3609 montis
852 3553 988 3608 extremo
995 3571 1007 3622 ,·
1029 3564 1070 3608 ex
1088 3543 1152 3610 hoc
1167 3543 1297 3609 dicendi
1310 3565 1443 3628 genere

234 3661 342 3722 ortum
370 3663 435 3723 est:
461 3679 515 3724 res
544 3656 678 3742 publica
707 3661 739 3720 in
770 3665 905 3720 extremo
936 3637 1000 3721 sita
1029 3657 1095 3720 eet'
1109 3654 1178 3721 Cat.
1212 3662 1311 3742 ὅλῃ.
1341 3655 1444 3736 „Der

234 3767 330 3834 Staat
350 3769 429 3853 liegt
450 3770 484 3835 in
507 3768 570 3834 den
589 3769 711 3836 letzten
732 3769 871 3851 Ziigcn“.
916 3766 1084 3832 Adherbal
1105 3767 1163 3833 ubi
1183 3767 1345 3852 intellegit
1360 3787 1445 3834 cm-

233 3879 283 3944 nis
311 3902 387 3947 suas
414 3881 563 3948 fortunas
587 3885 619 3944 m
650 3891 786 3946 extremo
813 3879 894 3945 sitas
926 3879 1031 3957 „Daes
1059 3878 1147 3944 scine
1169 3879 1258 3963 Lage
1280 3878 1340 3945 auf
1368 3879 1447 3948 das

234 3991 426 4059 Aeusserste
452 3992 643 4077 gekommen
676 3993 751 4057 sei“.
779 3992 848 4075 lug.
880 3995 963 4076 23,2¹
992 4027 1036 4040 ·—
1063 3989 1318 4074 Praepositionis
1356 4003 1449 4060 ante

234 4103 336 4170 vicem
357 4108 557 4190 praestatio
577 4104 646 4169 Cat.
669 4109 721 4184 20,
732 4143 773 4189 14.
794 4123 835 4168 en
856 4102 923 4182 illa,
944 4102 1015 4183 illa,
1039 4121 1138 4186 quam
1160 4121 1259 4187 saepe
1281 4105 1451 4188 optastis,

232 4213 369 4282 libertas
389 4221 563 4302 praeterea
584 4214 717 4280 divitiae
741 4214 840 4280 decus
859 4215 964 4298 gloria
985 4219 1018 4278 im
1041 4218 1137 4279 oculis
1159 4213 1223 4278 sita
1254 4219 1330 4279 eunt
1351 4213 1450 4294 „lie-

235 4347 296 4409 geu
319 4327 401 4393 euch
422 4348 481 4394 vor
502 4327 645 4411 Augem‘.
667 4364 712 4376 -
734 4347 798 4410 quo
822 4308 972 4409 cupidius
994 4330 1027 4389 im
1053 4345 1108 4390 cre
1130 4324 1222 4390 ducis
1238 4345 1273 4390 se
1290 4325 1452 4409 quisque

234 4436 354 4504 bonum
388 4445 421 4504 et
450 4445 618 4504 strenuum
649 4443 850 4504 ostentantes
877 4436 916 4502 fr.
946 4437 1012 4501 Ine.
1042 4440 1092 4502 63.
1110 4473 1154 4485 -
1176 4436 1301 4520 pariter
1328 4441 1454 4521 atque

233 4556 266 4613 m
288 4561 453 4631 conspecta
473 4549 615 4616 hostium
637 4549 800 4633 quadrato
822 4547 950 4632 agmine
972 4548 1123 4614 incedere
1144 4547 1212 4632 lug.
1237 4553 1338 4633 100‚1.
1361 4586 1415 4600 -
