3180 5276
673 452 891 512 -γὸ-

191 633 255 698 fiee
279 634 319 699 16
343 633 429 701 bello
452 637 543 722 loqui
562 639 630 721 lug.
654 641 736 723 fila·
765 636 805 700 16
827 635 1015 720 republica
1045 635 1113 720 lug.
1133 642 1184 715 85,
1191 677 1231 722 44.
1259 637 1299 702 16
1321 657 1378 721 po·

188 753 310 814 testate
334 748 511 824 tribunicia
531 750 585 816 Or.
607 749 708 814 Macr.
730 755 760 816 8.

272 879 442 928 memorare
450 889 460 929 .·
497 861 538 928 de
567 882 688 946 magna
715 860 836 926 virtute
865 866 963 944 atque
989 860 1093 944 gloria
1121 861 1280 926 bonorum
1308 861 1377 927 Cat.

187 977 218 1052 3,
230 1014 255 1058 4.
279 972 319 1038 16
341 994 406 1056 quo
430 973 499 1040 (lat.
523 979 574 1054 26,
583 1015 608 1060 3.
639 973 679 1038 16
701 972 813 1038 inferis
833 972 902 1038 Cat.
926 978 1023 1059 5243.
1054 973 1094 1038 16
1115 993 1180 1056 quo
1202 973 1270 1056 166.
1295 978 1346 1050 25,
1355 1013 1380 1058 4.

190 1083 283 1170 cujus
306 1083 346 1150 16
368 1090 488 1151 natura
509 1091 543 1151 et
563 1084 679 1151 habitu
702 1105 802 1170 supra
821 1085 1070 1150 memoravimus
1090 1085 1159 1168 lug.
1182 1090 1263 1170 28,4.

272 1202 409 1262 minere:
432 1198 637 1282 componitur
660 1218 732 1262 cum
755 1197 996 1281 praepositione
1020 1203 1059 1263 dc
1079 1202 1118 1262 ut
1133 1196 1296 1262 indicetur
1315 1217 1377 1278 res,

189 1308 282 1392 cnjus
312 1308 458 1392 agendae
490 1329 590 1375 causa
618 1308 736 1392 aliquis
766 1309 924 1374 mittitur:
961 1313 1126 1394 postremo
1161 1307 1202 1373 de
1231 1309 1379 1374 omnibus

185 1419 286 1485 rebus
314 1419 441 1504 1666166
468 1421 605 1487 Romam
640 1420 731 1486 brevi
761 1420 937 1491 missurum
967 1421 1036 1504 lug.
1066 1425 1142 1506 22,4
1162 1459 1198 1470 -
1224 1441 1308 1503 quae
1338 1420 1378 1486 de

186 1531 320 1598 Metello
343 1553 383 1597 ac
405 1531 510 1598 Mario
532 1533 651 1599 6616666
673 1537 767 1598 erant
788 1532 857 1615 Iug.
882 1537 967 1620 73‚3.

274 1665 428 1710 narrare:
459 1643 499 1710 16
522 1645 680 1711 Catilinae
711 1643 934 1730 conjuratione
966 1644 1034 1710 Cat.
1058 1649 1141 1730 23,4.
1164 1645 1265 1711 16116
1289 1645 1379 1711 haud

186 1755 284 1821 facile
305 1761 506 1840 compertum
527 1756 729 1823 narraverim
751 1757 820 1840 lug.
847 1761 928 1842 114.

275 1872 422 1934 obtestari
431 1895 439 1930 :
463 1868 503 1934 de
525 1868 630 1934 saluts
652 1889 713 1934 sua
734 1868 941 1953 Pomptinum
965 1867 1034 1934 Gat.
1058 1875 1109 1949 45,
1117 1910 1142 1955 4.

268 1999 429 2060 paupere:
455 1979 536 2046 nihil
559 2001 629 2047 esse
652 1979 692 2046 de
713 2001 750 2046 re
772 1980 904 2064 publica
925 2001 1031 2066 neque
1054 1981 1123 2067 [de]
1145 1980 1298 2046 libertate
1319 2002 1377 2064 po·

186 2092 257 2176 puli
279 2095 412 2176 pactum
433 2090 473 2156 fr.
496 2091 520 2156 L
545 2097 595 2158 20.

268 2208 471 2283 percontari:
501 2209 712 2288 percontatus
733 2225 841 2288 pauca
863 2203 903 2270 16
926 2209 1015 2270 61616
1039 2205 1179 2271 civitatis
1201 2205 1269 2272 Cat.
1293 2212 1377 2292 40,4.

275 2319 380 2395 queri:
410 2313 451 2380 16
472 2314 603 2398 ignaria
631 2336 743 2381 eorum
766 2316 834 2382 Cat.
858 2321 908 2395 27,
916 2357 941 2402 4.
972 2316 1013 2382 16
1037 2317 1177 2382 avaritia
1205 2317 1377 2400 magistra·

187 2433 281 2494 tuum
303 2425 374 2492 (lat
397 2432 447 2507 40,
454 2468 480 2514 3.
510 2427 551 2492 de
581 2427 764 2493 actionibus
793 2427 956 2493 Ciceronis
988 2428 1164 2514 1161414.
1187 2429 1228 2494 16
1248 2429 1378 2512 ignavia

188 2539 350 2606 sociorum
372 2539 440 2604 Cat.
463 2544 514 2619 43,
521 2580 546 2626 3.
570 2538 611 2604 16
626 2538 756 2604 luxuria
779 2545 878 2623 atque
900 2540 1039 2606 avaritia
1057 2545 1243 2606 nostrorum
1260 2541 1377 2608 civium

187 2649 369 2736 (161526.
399 2649 439 2716 de
468 2657 588 2718 natura
616 2671 676 2716 sua
704 2651 772 2735 lug.
796 2657 856 2737 1,4.
887 2652 927 2717 (16
955 2651 1082 2738 injuriis
1110 2658 1260 2735 questum
1290 2653 1379 2720 misit

186 2764 257 2846 lug.
281 2768 331 2843 20,
339 2803 364 2849 5,

274 2882 414 2956 referre:
437 2874 478 2939 de
501 2895 540 2940 ea
561 2896 598 2940 re
621 2875 689 2941 Cat.
712 2880 798 2962 48,„.
822 2875 1114 2960 5141616061.
1139 2882 1189 2956 51,
1196 2917 1237 2962 46.

273 2991 382 3052 silere·
407 2987 559 3070 quoniam
583 2987 623 3052 16
644 2991 784 3070 utraque
806 2987 920 3053 siletur
943 2987 1011 3053 Cat.
1033 2993 1062 3068 2,
1071 3028 1096 3073 3.
1120 2987 1160 3054 de
1182 2988 1378 3071 Carthagine

184 3096 285 3162 silere
309 3098 424 3164 melius
445 3103 525 3184 puto
548 3121 647 3183 quam
669 3121 786 3185 parum
806 3099 916 3164 dicere
938 3100 1006 3184 lug.
1031 3106 1112 3186 19,1.

274 3215 429 3277 scribere:
451 3210 492 3278 (16
513 3210 674 3295 Iugurtha
694 3212 764 3296 166.
784 3216 835 3291 24,
843 3252 867 3296 4.
890 3211 931 3278 16
952 3211 1038 3278 bello
1059 3213 1128 3296 lug.
1152 3217 1236 3298 65‚4.

275 3332 429 3390 statum:
459 3323 500 3389 de
521 3323 556 3388 P.
576 3323 715 3390 Lentulo
738 3324 920 3408 ceterisque
943 3325 1012 3422 Cat
1035 3330 1132 3411 5244.
1160 3323 1201 3390 16
1224 3324 1379 3390 crudelis·

182 3432 278 3500 simis
297 3435 453 3519 paricidis
476 3437 544 3503 Cat.
571 3441 621 3517 52,
629 3477 670 3523 34.
693 3435 733 3502 de
756 3436 981 3522 6166616166.
1007 3443 1107 3524 1140.

272 3553 394 3614 venire:
423 3549 518 3632 quasi
545 3548 586 3614 16
611 3569 693 3633 pace
727 3549 761 3613 in
786 3549 982 3634 colloquium
1004 3550 1169 3616 veniretur
1192 3551 1260 3634 166.
1287 3556 1377 3636 1126

179 3663 220 3724 61
242 3659 309 3743 166.
336 3665 437 3748 1136.
925 3663 936 3685 1

272 3777 476 3840 consuluere:
500 3772 608 3839 11661
631 3772 860 3854 ,,6616161166“;
883 3773 924 3838 16
946 3773 1040 3839 vietis
1065 3774 1220 3859 Hispanis
1242 3779 1379 3859 tropaea

177 3886 221 3952 in
243 3883 400 3968 Pyrenaei
418 3885 507 3970 jugia
531 3886 699 3952 coustituit
722 3885 761 3950 fr.
784 3885 837 3950 lv.
863 3891 913 3952 29.

272 3996 449 4064 Praeterea
470 3997 578 4063 inveni
602 4005 640 4063 de
661 3997 937 4083 praepositionem
958 4002 1049 4083 post:

271 4114 401 4176 consilia
419 4114 552 4176 tubere:
584 4131 648 4176 non
677 4131 717 4176 66
740 4109 875 4176 consilia
910 4108 950 4176 de
973 4132 1009 4176 re
1031 4109 1164 4196 publica
1186 4110 1379 4179 habuissent

177 4222 256 4288 Cat.
283 4225 332 4300 52,
341 4261 383 4308 34.

270 4333 373 4398 multa
396 4340 435 4399 dc
457 4339 544 4400 tonis
565 4333 650 4400 16166
670 4333 704 4400 in
725 4334 868 4401 deterius
891 4336 1073 4420 composuit
1094 4335 1133 4400 fr.
1154 4336 1219 4400 lnc.
1244 4343 1293 4402 78.

270 4451 384 4510 certior
407 4454 533 4526 factus:
571 4447 612 4511 de
639 4446 825 4512 innocentia
856 4448 925 4533 ejus
956 4448 1023 4532 lug.
1054 4453 1138 4536 46‚1.
1167 4447 1208 4515 16
1237 4447 1378 4518 adventu

169 4562 364 4641 legatorum
386 4557 453 4641 lug.
479 4564 583 4644 104‚,.
