3180 5276
645 458 861 518 ...13-

244 641 423 726 adjectiva,
445 662 530 725 quae
551 642 757 722 vacuitatem,
781 641 988 708 solitudinem
1013 647 1046 710 et
1067 643 1347 730 inopiamnotant

157 754 398 837 conjunguntur
422 774 495 819 cum
515 753 756 840 praepositione
781 777 809 820 a.

199 869 294 931 liber:
328 864 416 949 qnod
443 867 523 932 mihi
550 888 570 931 a
600 887 656 946 spe
684 877 764 932 meta
785 871 933 947 portibus
960 869 1009 934 rei
1039 869 1193 954 publicae
1221 870 1348 935 animus

154 976 240 1043 liber
269 982 342 1042 erat
370 977 438 1044 Cat
470 985 515 1066 4‚2
544 975 657 1044 libera'
679 998 700 1043 a
721 979 871 1064 patribus
899 980 1092 1048 auctoribus
1113 979 1271 1066 suffragia
1293 981 1346 1047 Or.
1419 1057 1422 1064 ‚

155 1087 257 1154 Mser.
286 1094 335 1156 15.
1305 1081 1309 1090 '

241 1221 375 1266 vacuus·
396 1201 737 1288 Ablativuspersonae
751 1208 861 1270 exstat
881 1203 920 1270 fr.
941 1204 966 1270 l.
992 1210 1062 1272 101.
1091 1224 1229 1272 vacuam
1250 1206 1347 1272 istam

154 1311 270 1378 urbem
298 1317 383 1378 viris.
429 1313 494 1380 Ubi
523 1335 577 1380 res
605 1314 817 1382 nominantur
846 1316 984 1400 legimus
1012 1317 1288 1402 praepositionem
1315 1339 1345 1384 c.

155 1446 175 1489 a
200 1430 293 1506 culpo
307 1424 376 1492 Cat.
403 1431 468 1511 14‚4
490 1430 528 1491 cb
544 1432 614 1492 odic
639 1432 775 1493 omicida
794 1431 846 1493 irc
868 1433 967 1512 atque
989 1434 1204 1495 mamaeae
1225 1449 1346 1496 vacuos

154 1557 226 1602 esse
249 1536 425 1603 decetht.
450 1544 513 1624 51,¹
538 1559 678 1604 vacuum
700 1561 720 1604 a
742 1543 828 1604 curis
849 1541 912 1606 nisi
930 1541 1129 1608 instantibus
1151 1540 1191 1608 fr.
1213 1541 1269 1606 ΠΙ.
1295 1547 1345 1608 54.

155 1648 325 1714 Genitivus
346 1649 415 1733 Ing.
439 1655 505 1736 90„
531 1671 611 1734 ager
626 1657 757 1734 fragam
779 1672 910 1718 vacuus.

240 1765 362 1827 ineam.-
383 1767 455 1828 tota
475 1767 585 1829 autem
599 1763 740 1830 insulam
760 1763 856 1854 edica
869 1767 902 1830 et
923 1768 1091 1830 melioribus
1105 1765 1211 1832 inanis
1226 1765 1265 1832 fr.
1289 1767 1346 1832 IIL

154 1877 206 1939 30.
237 1873 277 1938 cf.
309 1873 497 1942 Ciceronem
526 1874 569 1941 ad
599 1877 665 1941 Aac
694 1880 763 1961 lg„
796 1875 938 1961 epistula
959 1875 1065 1944 inanis
1088 1881 1195 1957 clipeo
1215 1879 1346 1944 reptili

153 1990 189 2050 et
211 1986 311 2051 suari

239 2097 421 2179 ablativus,
444 2099 501 2184 qui
523 2099 716 2185 subjunctus
739 2103 790 2166 est
811 2099 995 2185 participiis
1016 2110 1118 2178 amm,
1140 2111 1237 2179 ortua
1259 2108 1345 2183 geni-

152 2220 213 2286 tac,
236 2230 332 2276 verns
355 2215 406 2276 est
428 2210 602 2291 ablativus,
624 2232 701 2276 nam
722 2212 900 2297 respondet
920 2211 1344 2298 ‚‚uude“interrogantibus.

151 2320 313 2406 Exempla
335 2321 536 2388 Sallustiana
556 2328 650 2389 sunt:

240 2445 351 2501 aolus:
385 2438 479 2500 nobili
499 2455 616 2516 penem
637 2435 706 2501 Cat.
735 2443 777 2522 5„
810 2435 901 2502 haud
930 2440 1060 2502 clamare
1089 2443 1154 2503 loco
1184 2437 1254 2504 Ost.
1277 2443 1340 2525 23„

150 2547 356 2632 Praepositio
380 2551 418 2612 ab
440 2545 492 2612 vel
514 2569 555 2613 cx
576 2569 737 2632 nusquam
758 2547 887 2632 legitur.

239 2671 346 2724 ortus:
378 2680 416 2724 eo
429 2664 554 2740 familia
574 2659 643 2725 Cat.
667 2665 744 2746 31‚7.
787 2659 883 2726 Multi
914 2660 979 2727 loci
1001 2660 1156 2727 exhibent
1175 2662 1345 2747 praeposi-

150 2771 275 2836 tionem
286 2791 327 2836 cx
336 2801 345 2836 .·
368 2793 409 2837 ex
431 2771 681 2856 eoawdiaolug.
705 2779 749 2858 5η
773 2772 813 2838 cf.
836 2778 919 2859 108„
944 2772 1127 2858 Improprie
1149 2771 1272 2839 dictum
1294 2778 1345 2840 est

151 2883 222 2947 Cat.
244 2889 326 2970 51227
351 2884 459 2949 omnia
478 2884 567 2950 mala
581 2884 729 2969 exempla
752 2905 792 2949 ex
813 2885 912 2952 rebus
934 2884 1028 2951 bonis
1051 2889 1124 2950 crta
1145 2889 1230 2952 sunt.
1274 2885 1343 2952 Cat.

153 2999 220 3081 34,²
247 3015 288 3059 ne
317 3017 357 3060 ex
383 3016 443 3062 sua
465 2997 671 3062 contentione
692 2996 809 3062 seditio
839 2997 989 3062 oriretur.
1012 3017 1054 3062 ex
1076 3001 1185 3077 quibas
1205 2997 1275 3082 Ing.
1298 3002 1342 3084 6‚3

153 3127 194 3171 ex
218 3127 253 3172 co
273 3106 343 3191 lug.
367 3113 442 3193 72,1.
486 3109 765 3194 Praepositionem
788 3112 826 3174 ab
848 3107 937 3174 nullo
958 3107 1031 3176 loco
1052 3109 1192 3194 repperi.
1216 3109 1257 3174 of.
1279 3108 1343 3174 Cio.

153 3219 281 3285 Tuscul.
312 3219 337 3284 Ι.
369 3225 447 3306 ¹0=sr
481 3239 578 3303 quem
606 3215 661 3286 ait'
683 3241 704 3285 a
727 3220 925 3288 Deucalione
956 3225 1073 3286 ortum.
1116 3220 1238 3287 Caesar
1269 3219 1343 3286 bell.

153 3329 228 3412 gall.
251 3336 320 3416 2‚4,1
346 3330 465 3415 Belgas
490 3351 561 3398 esse
583 3337 673 3399 ortos
695 3332 738 3398 ab
762 3331 943 3425 Germanis.

237 3449 378 3523 penitus:
398 3442 485 3508 filius
507 3448 591 3526 Nyso
613 3494 621 3512 .
644 3493 652 3510 .
676 3494 683 3510 .
707 3444 906 3530 genitusEp.
921 3444 1030 3510 Mithr.
1054 3450 1083 3511 9.
1103 3463 1224 3528 genera
1246 3443 1343 3510 arbo·

152 3577 234 3636 rum,
257 3575 342 3640 quae
361 3555 452 3620 humi
468 3560 558 3622 ando
571 3556 748 3640 gignuntur
761 3557 830 3642 Ing.
853 3561 930 3644 48.3.
974 3556 1179 3642 Praepositio
1201 3576 1242 3622 ex
1262 3556 1344 3640 legi·

151 3673 207 3733 tur
227 3668 297 3752 Iug.
322 3673 365 3755 og
398 3673 491 3754 85gg.
534 3668 755 3753 Hiempsalem
777 3689 817 3734 ex
839 3689 911 3734 sese
934 3669 1054 3754 genuit.
1098 3689 1192 3734 mene
1215 3669 1342 3736 anillos

152 3801 192 3844 ex
213 3801 248 3845 se
267 3781 355 3864 gigni
384 3780 566 3847 maluerint.
615 3785 750 3846 Genitioo
772 3781 865 3866 origo
883 3781 1075 3866 exprimitur
1097 3781 1165 3865 lug.
1190 3787 1257 3868 95‚3
1281 3782 1342 3865 igi·

150 3896 207 3956 tur
228 3891 320 3958 Sulla
340 3898 442 3975 penda
463 3893 622 3976 patriciae
644 3891 761 3960 nobilis
783 3893 854 3961 fuit.

238 4004 368 4070 Accede
399 4004 442 4070 ad
471 4003 659 4085 ablativum,
689 4026 786 4089 quem
814 4004 1019 4090 grammatici
1047 4005 1161 4071 dicunt
1182 4025 1341 4086 comparc-

154 4121 255 4182 tionr'c.
300 4117 333 4182 Is
359 4138 451 4182 verus
481 4121 533 4182 est
554 4121 713 4198 oblatras,
745 4117 801 4202 qui
829 4115 1026 4184 abscedendi
1046 4117 1221 4202 imaginem
1242 4117 1344 4185 oculis

150 4227 313 4313 subjiciat.

238 4340 273 4405 Si
302 4341 439 4406 dicimus
460 4346 575 4425 „pater
601 4343 706 4428 major
728 4347 807 4423 est“‚
830 4339 1053 4408 desideramus
1074 4341 1191 4423 locum,
1213 4363 1253 4407 ex
1276 4363 1340 4426 quo

149 4450 233 4516 illud
255 4453 380 4537 „majus
403 4459 493 4518 esse*
516 4455 668 4536 cognosci
678 4459 804 4540 potest3
827 4453 999 4540 adjicimus
1017 4458 1092 4532 filio,
1115 4453 1143 4518 si
1157 4459 1342 4539 spectamus

150 4585 172 4628 a
200 4562 266 4628 filio
290 4585 384 4644 „rom
410 4565 517 4630 Sohne
548 4587 607 4632 aus
634 4566 828 4650 gerechnet“
862 4566 984 4632 bonum
1014 4564 1173 4630 habemus
1203 4587 1341 4633 sensum.
