3180 5276
646 406 859 466 ...87-

159 591 213 656 Or.
237 590 322 656 Cott.
348 595 396 654 12.
440 589 523 655 haec
544 595 620 654 sunt
646 590 793 674 praemia
813 611 876 670 pro
907 595 1079 656 volneribus
1109 596 1142 656 et
1163 592 1283 656 totiens
1305 593 1347 658 ob

156 725 227 768 rem
261 701 426 786 publicam
453 710 528 784 seso
550 707 703 782 sanquine
728 701 787 785 Ep.
813 702 923 786 Pomp.
947 707 975 766 2.
1014 723 1077 782 pro
1107 709 1184 782 qais,
1213 725 1232 768 o
1262 704 1348 786 grati

156 819 280 899 patres,
302 795 481 898 egestatem
503 820 537 880 et
558 814 677 880 famem
699 813 837 878 redditis
864 815 922 898 Ep.
944 814 1054 900 Pomp.
1078 821 1106 880 6.
1411 899 1417 908 ⁵

245 927 325 993 Cum
347 925 455 992 verbis
470 925 674 1006 aestimandi,
695 925 848 1006 habendi,
866 925 1037 1010 judicandi
1054 949 1118 1007 pro
1140 929 1348 1012 conjunctum

6 1097 23 1140 ,⁴
155 1045 208 1106 est
237 1039 288 1104 his
319 1038 415 1106 locis:
446 1060 546 1124 supra
580 1059 619 1104 ea
646 1037 747 1104 veluti
768 1037 847 1104 ficta
872 1045 1055 1120 prosaicis
1084 1039 1173 1106 ducit
1192 1039 1261 1106 Cat.
1286 1046 1347 1126 3‚2.

32 1193 35 1200 .
156 1151 406 1218 Atheniensium
427 1150 516 1217 lacta
531 1173 595 1232 pro
616 1155 757 1216 maximis
780 1149 989 1216 celebrantur
1008 1151 1076 1218 Cat.
1100 1157 1161 1236 8‚³.
1197 1151 1348 1218 innocen·

153 1265 205 1330 tia
217 1285 281 1344 pro
302 1269 514 1330 malevolentia
544 1262 619 1328 duci
651 1262 759 1346 coepit
789 1262 858 1327 Oat.
885 1269 966 1348 12η.
1005 1285 1068 1342 pro
1091 1274 1175 1328 certo
1205 1263 1348 1328 creditur

157 1377 229 1442 Oat.
255 1382 340 1461 15,2.
386 1374 504 1442 falsum
526 1373 652 1458 aliquid
667 1395 731 1454 pro
754 1395 826 1439 vero
849 1374 937 1438 credi
961 1375 1029 1438 Oet.
1054 1380 1150 1460 51,36.
1177 1395 1241 1454 pro
1263 1386 1347 1440 certo

153 1487 312 1554 habetote
333 1487 402 1552 Oat.
425 1493 523 1572 ὅλῃ.
563 1487 633 1572 jam
660 1507 724 1566 pro
747 1491 841 1550 nitito
871 1486 1034 1550 habentur
1055 1487 1123 1569 lug.
1147 1491 1243 1574 31³25·
1288 1487 1348 1550 im-

156 1599 367 1684 prudentiam
388 1599 538 1684 Tigranis
555 1620 619 1679 pro
641 1603 772 1664 victorin
794 1603 959 1664 ostentant
980 1599 1039 1682 Ep.
1055 1597 1165 1662 Mithr.
1189 1603 1238 1664 15.
1271 1599 1349 1682 quia

158 1711 349 1797 praesentia
371 1710 569 1778 defendebat
584 1732 647 1792 pro
670 1715 746 1776 bono
768 1709 950 1776 ducebatur
970 1710 1009 1775 fr.
1032 1709 1056 1776 1.
1082 1715 1130 1776 10.

243 1823 420 1889 Praeterea
441 1823 649 1908 conjungitur
664 1843 728 1903 pro
752 1843 825 1888 cum
847 1822 956 1888 verbis
979 1821 1173 1887 defendendi
1196 1821 1247 1886 vel
1265 1843 1347 1906 pug-

156 1935 259 2001 nandi
283 1941 316 2000 et
335 1935 417 2016 aliis,
447 1956 532 2018 quae
555 1934 692 2000 similem
721 1933 845 2000 habent
866 1935 1030 1999 notionem
1055 1939 1088 2000 et
1108 1956 1177 2000 rem
1202 1934 1346 2018 aliquam

4 2007 25 2043 Ὤ
152 2049 272 2133 juvant
293 2053 351 2114 aut
371 2052 580 2132 promovent3
612 2047 788 2130 opponitur
808 2045 852 2125 id,
876 2047 964 2129 quod
989 2052 1104 2111 contra
1126 2051 1191 2110 est:
1226 2047 1348 2112 Contra

157 2181 215 2226 eos
238 2181 364 2225 summa
386 2180 447 2243 ope
467 2158 635 2225 nitebatur
656 2159 813 2244 pleraque
836 2158 988 2224 nobilitas
1012 2164 1144 2223 senatus
1163 2158 1271 2242 specie
1287 2180 1347 2237 pro
1448 2153 1476 2166 ''

154 2293 215 2337 aaa
236 2277 448 2352 mapcitudiae
470 2271 538 2336 Cat.
562 2277 643 2356 38‚2.
666 2270 788 2336 bonum
809 2270 976 2354 publicum
999 2271 1188 2336 simulantes
1202 2291 1265 2350 pro
1289 2292 1348 2336 soa

155 2385 295 2468 quisque
311 2389 454 2464 potentia
477 2381 649 2448 certabant
670 2382 739 2447 Oat.
764 2388 845 2467 38‚3.
880 2403 938 2447 nos
954 2404 1018 2462 pro
1039 2387 1152 2462 patria
1168 2404 1232 2461 pro
1255 2386 1346 2447 iiber-

155 2506 220 2560 toie
235 2515 299 2575 pro
329 2501 391 2560 cita
419 2499 582 2560 certamus
613 2494 806 2580 Cat.58,11.
847 2515 909 2574 pro
930 2499 1043 2574 petria
1070 2515 1131 2578 pro
1156 2499 1260 2560 liberis
1282 2507 1365 2572 pro

155 2614 223 2674 aris
246 2613 346 2691 atque
364 2612 448 2688 socia
467 2607 533 2672 suis
556 2611 683 2672 certare
705 2605 775 2672 Oat.
797 2613 847 2686 59,
854 2647 878 2692 5.
917 2629 981 2687 pro
1000 2612 1103 2688 picria
1133 2612 1232 2689 atquo
1254 2612 1345 2685 impe-

154 2728 205 2788 rio
228 2721 289 2802 hia,
311 2721 376 2786 illis
393 2741 457 2800 pro
477 2728 578 2786 solute
600 2720 802 2786 certantibus
824 2719 894 2804 lug.
912 2726 963 2800 94,
970 2761 994 2807 5.
1033 2720 1067 2785 id
1088 2725 1138 2785 est
1156 2726 1194 2785 ut
1209 2721 1345 2804 gloriam

154 2841 189 2899 et
210 2834 383 2918 imperium
406 2832 469 2899 sibi
490 2838 616 2918 parent.
641 2854 714 2898 cum
737 2832 840 2898 Gallis
853 2853 917 2913 pro
942 2841 1051 2910 saule,
1078 2855 1143 2896 uon
1159 2855 1222 2913 pro
1243 2840 1346 2914 pierio

154 2947 279 3012 certari
299 2947 368 3030 lug.
394 2952 497 3031 114‚2.
534 2966 681 3030 pugnare
697 2966 761 3024 pro
779 2951 921 3025 potentie
950 2967 1128 3029 paucorum
1152 2945 1221 3010 Cat.
1243 2953 1344 3032 58‚11.

154 3058 297 3142 denique
324 3056 473 3124 omnibus
495 3058 600 3124 modis
618 3079 679 3138 pro
702 3062 804 3123 alieno
825 3063 942 3123 sceiere
963 3062 996 3122 et
1015 3062 1144 3138 stupiiio,
1168 3079 1229 3122 sua
1250 3059 1345 3141 quasi

147 3191 213 3250 pro
245 3175 347 3250 piorio
380 3169 569 3236 nitebantur
600 3171 669 3254 lug.
695 3175 776 3255 laq.
827 3190 885 3235 ros
907 3190 971 3249 pro
1001 3173 1142 3234 libertate
1239 3191 1345 3234 nonne

154 3303 283 3348 summa
305 3303 367 3366 ope
388 3282 558 3347 nitemini?
588 3283 657 3365 lug.
682 3287 779 3367 3l‚17.
824 3281 901 3347 dum
922 3303 986 3360 pro
1013 3286 1127 3347 ciuibus
1159 3287 1234 3360 sair,
1270 3287 1345 3347 ciris

149 3400 334 3477 fortissimis
357 3400 456 3478 atque
479 3399 668 3472 miserrimis,
693 3414 816 3480 poenas
846 3400 1000 3477 caperent
1021 3395 1089 3478 lug.
1115 3401 1199 3482 68‚³.
1243 3395 1344 3459 maxi-

155 3529 228 3573 mas
250 3506 437 3572 inimicitias
453 3528 517 3587 pro
540 3511 721 3586 republica
744 3508 873 3591 suscepi
902 3507 955 3572 Or.
978 3506 1062 3572 Oott.
1085 3513 1114 3572 4.
1159 3528 1257 3590 quam
1282 3529 1344 3586 pro

152 3631 259 3686 vostro
280 3626 380 3684 roiate
409 3619 507 3684 finem
539 3619 626 3685 vitae
656 3618 789 3684 fecerim
821 3619 874 3684 Or.
896 3619 979 3685 Oott.
1002 3625 1030 3684 9.
1074 3640 1173 3684 voveo
1196 3619 1344 3702 dedoque

152 3753 204 3796 me
233 3753 296 3810 pro
327 3752 364 3796 ro
394 3734 523 3810 publico
555 3729 608 3795 Or.
638 3729 721 3796 Gott.
747 3735 795 3795 10.
848 3731 949 3796 statui
984 3731 1169 3796 conaminis
1207 3730 1345 3796 adversa

152 3865 212 3914 bro
234 3847 375 3908 libertato
404 3842 534 3927 potiora
562 3862 631 3908 esse
665 3841 719 3907 Or.
741 3841 842 3906 Macr.
865 3848 895 3906 4.
942 3864 1052 3907 omnes
1083 3841 1141 3906 alii
1162 3844 1263 3908 creati
1281 3865 1344 3922 pro

146 3962 227 4036 ‚itere
258 3963 358 4019 oestro
390 3952 443 4019 Or.
466 3954 567 4019 Macr.
591 3959 619 4019 5.
664 3975 748 4036 quae
774 3955 867 4038 jussa
901 3967 1066 4032 nunc‘pro
1088 3959 1158 4018 otiis
1186 3955 1343 4034 toleratis,

145 4089 212 4147 pro
235 4070 317 4131 cobis
341 4087 439 4148 agere
468 4070 526 4131 aut
555 4085 619 4129 non
642 4087 739 4150 agere
766 4065 899 4150 possitis
922 4066 975 4130 Or.
999 4066 1098 4130 Macr.
1123 4072 1171 4130 15.
1216 4072 1343 4131 tantum

153 4178 362 4261 antiquitatis
386 4199 548 4261 curaeque
565 4183 763 4257 proItoIica
786 4187 878 4258 pente
899 4178 1077 4262 majoribus
1099 4177 1161 4242 fuit
1184 4178 1222 4242 fr.
1245 4180 1268 4244 l.
1296 4185 1342 4244 14.

240 4289 409 4355 Accedunt
431 4289 556 4372 aliquot
570 4290 662 4396 ¹loci,
701 4291 735 4354 in
765 4289 883 4373 quibus
909 4290 1109 4374 praepositio
1134 4290 1343 4355 insolentiore

152 4401 251 4467 modo
272 4401 381 4484 posita
403 4406 466 4466 est:
489 4402 531 4467 ad
548 4401 749 4468 eaBocohus
769 4401 899 4484 placide
914 4402 1105 4484 etbenigna
1129 4402 1224 4467 simul
1235 4423 1343 4486 pauca

145 4535 212 4595 pro
236 4519 346 4580 delimo
367 4535 422 4578 sao
445 4513 546 4582 verba
567 4513 647 4578 facit
665 4514 733 4598 lug.
757 4519 876 4600 1⁰2212·
921 4515 1040 4580 Sensus
1062 4512 1185 4578 nullam
1205 4513 1343 4598 praebet
