3180 5276
713 459 930 522 ..42-

231 649 331 709 eundo
352 643 506 728 periculis
534 643 568 707 in
599 648 727 709 tantam
756 641 983 710 claritudinem
1013 641 1104 708 brevi
1133 647 1331 728 pervenerat
1350 643 1420 728 lug.

232 761 291 840 7‚4.
320 755 512 840 [adoptione]
534 754 568 819 in
590 775 726 840 regnum
747 756 935 841 pervenisse
956 756 1024 838 lug.
1050 760 1132 842 11,6.
1173 777 1272 838 quum
1296 761 1421 836 nesam

230 871 357 932 coneilio
388 865 620 932 sceleratorum
649 867 768 934 civium
795 867 1008 952 respublica
1037 867 1072 932 in
1101 867 1245 933 maxima
1272 867 1422 951 pericula

229 978 355 1044 venerit
375 977 443 1043 Cat.
462 983 561 1064 5235.

309 1097 457 1169 placere:
491 1095 603 1155 uirtute
619 1111 684 1156 non
708 1095 827 1156 molitio
847 1090 882 1156 P.
905 1089 1059 1175 Scipioni,
1091 1111 1216 1158 summo
1238 1090 1319 1171 viro,
1349 1090 1422 1175 pla-

231 1201 336 1266 cuisse
359 1201 427 1284 lug.
451 1205 535 1287 212.
651 1244 653 1248 -

248 1359 253 1370 .
310 1320 449 1393 pollere:
472 1312 626 1379 nobilitas
642 1318 785 1395 sectione
807 1312 911 1397 magis
932 1311 1080 1398 pollebat
1100 1313 1168 1398 lug.
1182 1319 1267 1400 416.
1294 1313 1424 1398 pollens

232 1429 349 1490 viribus
371 1424 440 1508 lug.
463 1429 525 1510 6,1.

309 1541 526 1616 proeminere:
549 1536 753 1621 praeminent
774 1542 939 1604 altitudine
962 1536 1087 1604 milium
1108 1558 1265 1622 passuum
1282 1535 1424 1602 duorum

230 1646 269 1712 fr.
291 1647 332 1713 II.
355 1653 405 1714 85.

284 1768 472 1838 praestare:
494 1758 551 1843 qui
570 1758 692 1844 ubique
707 1764 828 1840 probro
850 1764 949 1845 atque
964 1765 1143 1841 petulantia
1163 1758 1305 1826 maxime
1326 1781 1425 1845 pree·

231 1870 365 1936 stabant
386 1871 455 1936 Cat.
478 1876 560 1958 3⁷2⁶·
583 1893 710 1938 umero
731 1876 903 1956 praestans
925 1871 964 1938 fr.
988 1872 1013 1938 1.
1037 1878 1108 1938 100.

310 1989 501 2062 procedere:
520 1987 590 2049 ciue
612 1983 757 2068 corporis
780 1987 955 2050 ansietate
979 1983 1079 2049 animi
1100 2005 1154 2051 res
1177 1983 1330 2050 militaris
1352 2006 1424 2050 ma-

232 2094 281 2177 gis
301 2093 494 2178 procederet
522 2095 591 2161 Cat.
616 2100 643 2176 1,
649 2135 675 2181 5.
719 2094 841 2160 bellum
867 2099 963 2160 ermis
989 2115 1107 2180 parum
1127 2094 1331 2180 procedebat
1352 2097 1425 2180 Ing.

233 2211 316 2292 ⁶¹³³·
339 2206 433 2290 qussi
454 2205 580 2272 rabiem
601 2207 645 2272 ad
663 2207 807 2290 integros
827 2215 971 2274 contecta
992 2206 1171 2291 procedere
1194 2207 1248 2274 Or.
1269 2207 1353 2273 Phil.
1371 2215 1399 2274 9.

317 2323 513 2384 redundare:
542 2316 802 2384 redundantibus
829 2318 950 2384 cloacis
978 2325 1110 2386 eduuso
1142 2330 1232 2386 uesta
1253 2319 1354 2386 maris
1382 2319 1425 2385 fr.

230 2429 286 2496 111.
310 2433 362 2495 26.

317 2561 428 2606 ruere:
459 2546 623 2627 ruuntque
645 2562 764 2626 magna
784 2563 863 2627 pars
884 2547 1010 2608 meismet
1029 2547 1088 2608 aut
1108 2543 1332 2628 proximorum
1355 2549 1427 2608 telis

231 2650 276 2717 fr.
293 2651 333 2717 ΙΙ.
358 2656 407 2718 52.

320 2768 455 2829 saevire:
476 2764 600 2830 saevire
616 2773 750 2847 fortune
770 2786 810 2830 ao
832 2765 969 2832 miscere
990 2764 1099 2832 omnia
1121 2765 1426 2852 coepitCot.10‚1.

232 2895 323 2940 mare
344 2874 468 2941 saevire
491 2883 588 2943 veneis
608 2877 716 2962 coepit
736 2878 806 2962 lug.
829 2883 912 2964 78‚3.

318 2987 368 3052 Ex
390 2988 490 3054 verbo
513 2999 675 3069 tepescere
695 2990 817 3075 pendet
834 2989 1034 3074 praepositio
1051 3011 1115 3070 per
1136 2990 1205 3074 lug.
1218 2995 1267 3070 14,
1279 3030 1319 3076 25.
1349 3011 1426 3074 reg-

232 3121 310 3164 num
341 3099 513 3166 Numidiae
536 3122 665 3185 per
697 3101 803 3168 scelus
832 3107 867 3168 et
895 3100 1086 3185 sanguinem
1116 3100 1261 3168 familiae
1290 3107 1426 3168 nostrae

231 3210 410 3277 tabescere.

322 3335 511 3405 torpescere:
531 3329 650 3390 inculta
669 3329 769 3409 atque
788 3330 934 3392 socordio
943 3332 1131 3411 torpescere
1150 3325 1263 3392 sinunt
1281 3325 1350 3410 lug.
1359 3331 1389 3406 2,
1397 3366 1423 3411 4.

233 3436 438 3520 Praepositio
453 3458 517 3516 per
538 3436 659 3521 legitur
690 3437 759 3505 Cat.
784 3443 833 3517 16,
841 3479 866 3524 3.
909 3459 951 3504 ne
979 3459 1039 3522 per
1069 3438 1171 3504 otium
1198 3442 1426 3523 torpescerent

232 3569 347 3616 manus
369 3554 427 3614 aut
449 3549 584 3616 animus.

318 3667 438 3727 colere:
470 3667 503 3726 et
523 3666 717 3729 multitudiue
745 3663 862 3729 civium
891 3661 1051 3729 factiones
1076 3661 1208 3729 valuere
1229 3661 1300 3728 Cat.
1323 3667 1423 3750 51‚40‚

233 3772 417 3857 municipia,
448 3794 533 3857 quae
553 3775 694 3842 maxime
718 3779 825 3855 opibus
847 3774 957 3840 valent
978 3775 1046 3840 Oet.
1071 3781 1170 3862 olm.
1207 3775 1263 3859 jus
1284 3773 1423 3840 bonum-

232 3906 296 3971 que
319 3883 407 3969 apud
429 3907 484 3952 eos
506 3907 570 3952 non
590 3891 707 3968 lepidus
729 3887 832 3970 magis
855 3907 953 3970 quam
975 3896 1090 3952 uetere
1112 3885 1243 3952 valebat
1264 3887 1333 3952 Cat.
1358 3893 1422 3972 9‚1.

232 4018 350 4083 parum
372 4003 473 4063 oniruo
495 3999 636 4066 valuisse
657 3999 726 4083 lug.
744 4003 793 4075 11,
800 4039 825 4085 5.
848 3997 1002 4082 quoniam
1024 3997 1163 4082 amplius
1185 4003 1281 4064 ermis
1300 3997 1423 4064 valuis-

233 4115 306 4177 sent
326 4107 396 4192 Iug.
421 4114 528 4195 111,1.
561 4110 736 4195 plurimum
759 4115 888 4190 imperio
909 4109 1013 4176 valuit
1033 4108 1072 4174 fr.
1093 4110 1118 4177 Ι.
1140 4115 1169 4176 8.

319 4220 472 4304 quoniam
501 4227 671 4304 desectione
701 4223 862 4290 sociorum
892 4227 926 4290 et
951 4221 1076 4288 Sertori
1104 4243 1164 4306 per
1192 4222 1311 4288 montis
1336 4228 1424 4302 supa

232 4353 339 4417 neque
360 4353 458 4399 manu
481 4339 608 4400 certare
627 4341 764 4419 possunt
786 4334 840 4400 Or.
863 4334 945 4400 Gott.
969 4339 998 4400 6.

320 4449 428 4524 quitur
450 4467 510 4530 per
532 4450 659 4513 ceteras
680 4448 785 4531 gentis
805 4446 939 4513 maximi
960 4451 994 4512 et
1014 4446 1095 4512 olari
1117 4445 1197 4512 estis
1218 4444 1272 4512 Or.
1292 4445 1369 4528 Lep.
1392 4451 1423 4512 l.

319 4556 469 4628 Eundum
492 4557 671 4626 ablativum
699 4559 979 4627 instrumentalem
1000 4558 1125 4625 causali
1145 4558 1277 4624 notione
1296 4559 1425 4624 inveni-
