<?xml version="1.0" encoding="UTF-8"?>
<!DOCTYPE html PUBLIC "-//W3C//DTD XHTML 1.0 Transitional//EN"
    "http://www.w3.org/TR/xhtml1/DTD/xhtml1-transitional.dtd">
<html xmlns="http://www.w3.org/1999/xhtml" xml:lang="en" lang="en">
 <head>
  <title>
</title>
<meta http-equiv="Content-Type" content="text/html;charset=utf-8" />
  <meta name='ocr-system' content='tesseract 3.04.00' />
  <meta name='ocr-capabilities' content='ocr_page ocr_carea ocr_par ocr_line ocrx_word'/>
</head>
<body>
  <div class='ocr_page' id='page_1' title='image "./deablativosallu00chrigoog_0051.png"; bbox 0 0 3180 5276; ppageno 0'>
   <div class='ocr_carea' id='block_1_1' title="bbox 725 459 939 522">
    <p class='ocr_par' dir='ltr' id='par_1_1' title="bbox 725 459 939 522">
     <span class='ocr_line' id='line_1_1' title="bbox 725 459 939 522; baseline -0.037 -14"><span class='ocrx_word' id='word_1_1' title='bbox 725 459 939 522; x_wconf 74' lang='lat'>...46-</span> 
     </span>
    </p>
   </div>
   <div class='ocr_carea' id='block_1_2' title="bbox 239 641 1431 958">
    <p class='ocr_par' dir='ltr' id='par_1_2' title="bbox 239 641 1431 958">
     <span class='ocr_line' id='line_1_2' title="bbox 325 641 1431 729; baseline 0.002 -21"><span class='ocrx_word' id='word_1_2' title='bbox 325 652 448 708; x_wconf 79' lang='lat' dir='ltr'>uartur:</span> <span class='ocrx_word' id='word_1_3' title='bbox 470 648 597 709; x_wconf 82' lang='lat' dir='ltr'>vastam</span> <span class='ocrx_word' id='word_1_4' title='bbox 618 641 733 708; x_wconf 90' lang='lat' dir='ltr'>urbem</span> <span class='ocrx_word' id='word_1_5' title='bbox 753 650 837 724; x_wconf 75' lang='lat' dir='ltr'>supa</span> <span class='ocrx_word' id='word_1_6' title='bbox 851 647 886 709; x_wconf 85' lang='lat' dir='ltr'>et</span> <span class='ocrx_word' id='word_1_7' title='bbox 906 647 1052 708; x_wconf 78' lang='lat' dir='ltr'>caedibus</span> <span class='ocrx_word' id='word_1_8' title='bbox 1069 642 1122 709; x_wconf 87' lang='lat' dir='ltr'>Or.</span> <span class='ocrx_word' id='word_1_9' title='bbox 1136 643 1214 729; x_wconf 88' lang='lat' dir='ltr'>Lep.</span> <span class='ocrx_word' id='word_1_10' title='bbox 1232 649 1281 709; x_wconf 87' lang='lat' dir='ltr'>ll.</span> <span class='ocrx_word' id='word_1_11' title='bbox 1306 644 1431 728; x_wconf 81' lang='lat' dir='ltr'>quippe</span> 
     </span>
     <span class='ocr_line' id='line_1_3' title="bbox 239 753 1402 836; baseline 0.002 -16"><span class='ocrx_word' id='word_1_12' title='bbox 239 760 334 821; x_wconf 84' lang='lat' dir='ltr'>vasta</span> <span class='ocrx_word' id='word_1_13' title='bbox 355 754 454 821; x_wconf 86' lang='lat' dir='ltr'>Italia</span> <span class='ocrx_word' id='word_1_14' title='bbox 474 759 595 835; x_wconf 78' lang='lat' dir='ltr'>rapinis</span> <span class='ocrx_word' id='word_1_15' title='bbox 612 761 695 836; x_wconf 76' lang='lat' dir='ltr'>suaa</span> <span class='ocrx_word' id='word_1_16' title='bbox 717 759 864 821; x_wconf 79' lang='lat' dir='ltr'>caedibus</span> <span class='ocrx_word' id='word_1_17' title='bbox 886 753 925 820; x_wconf 80' lang='lat' dir='ltr'>fr.</span> <span class='ocrx_word' id='word_1_18' title='bbox 947 755 972 820; x_wconf 95' lang='lat' dir='ltr'>I.</span> <span class='ocrx_word' id='word_1_19' title='bbox 996 759 1046 821; x_wconf 88' lang='grc'>36.</span> <span class='ocrx_word' id='word_1_20' title='bbox 1396 755 1402 764; x_wconf 84' lang='grc'><strong>’</strong></span> 
     </span>
     <span class='ocr_line' id='line_1_4' title="bbox 327 866 1431 958; baseline 0.002 -26"><span class='ocrx_word' id='word_1_21' title='bbox 327 867 495 958; x_wconf 78' lang='lat' dir='ltr'>Aeaedunt</span> <span class='ocrx_word' id='word_1_22' title='bbox 507 866 677 951; x_wconf 81' lang='lat' dir='ltr'>adjectiva,</span> <span class='ocrx_word' id='word_1_23' title='bbox 697 887 782 951; x_wconf 88' lang='lat' dir='ltr'>quae</span> <span class='ocrx_word' id='word_1_24' title='bbox 799 867 899 934; x_wconf 87' lang='lat' dir='ltr'>animi</span> <span class='ocrx_word' id='word_1_25' title='bbox 913 866 1098 952; x_wconf 87' lang='lat' dir='ltr'>perturbati</span> <span class='ocrx_word' id='word_1_26' title='bbox 1108 871 1216 934; x_wconf 86' lang='lat' dir='ltr'>motus</span> <span class='ocrx_word' id='word_1_27' title='bbox 1231 867 1431 934; x_wconf 80' lang='lat' dir='ltr'>describunt</span> 
     </span>
    </p>
   </div>
   <div class='ocr_carea' id='block_1_3' title="bbox 238 980 1435 4545">
    <p class='ocr_par' dir='ltr' id='par_1_3' title="bbox 238 980 1431 1179">
     <span class='ocr_line' id='line_1_5' title="bbox 326 980 1431 1066; baseline 0 -20"><span class='ocrx_word' id='word_1_28' title='bbox 326 985 458 1046; x_wconf 69' lang='lat' dir='ltr'>annus:</span> <span class='ocrx_word' id='word_1_29' title='bbox 478 985 530 1045; x_wconf 88' lang='lat' dir='ltr'>ira</span> <span class='ocrx_word' id='word_1_30' title='bbox 550 983 584 1045; x_wconf 81' lang='lat' dir='ltr'>et</span> <span class='ocrx_word' id='word_1_31' title='bbox 603 989 684 1046; x_wconf 83' lang='lat' dir='ltr'>matu</span> <span class='ocrx_word' id='word_1_32' title='bbox 706 981 822 1046; x_wconf 86' lang='lat' dir='ltr'>anxius</span> <span class='ocrx_word' id='word_1_33' title='bbox 841 980 910 1065; x_wconf 82' lang='lat' dir='ltr'>Iug.</span> <span class='ocrx_word' id='word_1_34' title='bbox 935 985 984 1061; x_wconf 90' lang='lat'>11,</span> <span class='ocrx_word' id='word_1_35' title='bbox 997 986 1025 1047; x_wconf 88' lang='lat'>8.</span> <span class='ocrx_word' id='word_1_36' title='bbox 1058 980 1195 1065; x_wconf 76' lang='lat' dir='ltr'>cupidus</span> <span class='ocrx_word' id='word_1_37' title='bbox 1216 981 1348 1066; x_wconf 80' lang='lat' dir='ltr'>incepta</span> <span class='ocrx_word' id='word_1_38' title='bbox 1368 1002 1431 1065; x_wconf 88' lang='lat' dir='ltr'>pa·</span> 
     </span>
     <span class='ocr_line' id='line_1_6' title="bbox 238 1090 1250 1179; baseline 0.002 -23"><span class='ocrx_word' id='word_1_39' title='bbox 238 1090 349 1159; x_wconf 84' lang='lat' dir='ltr'>trandi</span> <span class='ocrx_word' id='word_1_40' title='bbox 372 1098 406 1159; x_wconf 88' lang='lat' dir='ltr'>et</span> <span class='ocrx_word' id='word_1_41' title='bbox 427 1097 534 1158; x_wconf 72' lang='lat' dir='ltr'>timae</span> <span class='ocrx_word' id='word_1_42' title='bbox 556 1092 636 1158; x_wconf 84' lang='lat' dir='ltr'>socii</span> <span class='ocrx_word' id='word_1_43' title='bbox 658 1091 774 1158; x_wconf 85' lang='lat' dir='ltr'>anxius</span> <span class='ocrx_word' id='word_1_44' title='bbox 795 1093 863 1177; x_wconf 88' lang='lat' dir='ltr'>Ing.</span> <span class='ocrx_word' id='word_1_45' title='bbox 887 1099 970 1179; x_wconf 72' lang='lat'>70,5.</span> <span class='ocrx_word' id='word_1_46' title='bbox 1007 1098 1069 1159; x_wconf 78' lang='lat' dir='ltr'>illis</span> <span class='ocrx_word' id='word_1_47' title='bbox 1090 1092 1130 1158; x_wconf 86' lang='lat' dir='ltr'>fr.</span> <span class='ocrx_word' id='word_1_48' title='bbox 1152 1092 1176 1157; x_wconf 88' lang='lat'>1.</span> <span class='ocrx_word' id='word_1_49' title='bbox 1200 1097 1250 1158; x_wconf 83' lang='lat'>55.</span> 
     </span>
    </p>

    <p class='ocr_par' dir='ltr' id='par_1_4' title="bbox 240 1204 1433 1400">
     <span class='ocr_line' id='line_1_7' title="bbox 326 1204 1433 1291; baseline 0 -21"><span class='ocrx_word' id='word_1_50' title='bbox 326 1211 445 1271; x_wconf 70' lang='lat' dir='ltr'>laetus:</span> <span class='ocrx_word' id='word_1_51' title='bbox 489 1209 597 1284; x_wconf 78' lang='lat' dir='ltr'>quibus</span> <span class='ocrx_word' id='word_1_52' title='bbox 626 1208 719 1270; x_wconf 78' lang='lat' dir='ltr'>rebus</span> <span class='ocrx_word' id='word_1_53' title='bbox 751 1204 889 1290; x_wconf 79' lang='lat' dir='ltr'>Micipsa</span> <span class='ocrx_word' id='word_1_54' title='bbox 922 1205 991 1288; x_wconf 83' lang='lat' dir='ltr'>lug.</span> <span class='ocrx_word' id='word_1_55' title='bbox 1015 1209 1076 1291; x_wconf 72' lang='lat'>⁶22·</span> <span class='ocrx_word' id='word_1_56' title='bbox 1123 1207 1280 1270; x_wconf 81' lang='lat' dir='ltr'>Gauitiuur</span> <span class='ocrx_word' id='word_1_57' title='bbox 1307 1205 1433 1289; x_wconf 81' lang='lat' dir='ltr'>pendet</span> 
     </span>
     <span class='ocr_line' id='line_1_8' title="bbox 240 1316 1191 1400; baseline 0.001 -19"><span class='ocrx_word' id='word_1_58' title='bbox 240 1337 281 1381; x_wconf 87' lang='lat' dir='ltr'>ex</span> <span class='ocrx_word' id='word_1_59' title='bbox 299 1316 407 1382; x_wconf 84' lang='lat' dir='ltr'>laetus</span> <span class='ocrx_word' id='word_1_60' title='bbox 427 1316 465 1382; x_wconf 89' lang='lat' dir='ltr'>fr.</span> <span class='ocrx_word' id='word_1_61' title='bbox 488 1316 529 1382; x_wconf 91' lang='lat' dir='ltr'>II.</span> <span class='ocrx_word' id='word_1_62' title='bbox 552 1322 604 1384; x_wconf 85' lang='lat'>91.</span> <span class='ocrx_word' id='word_1_63' title='bbox 641 1324 772 1398; x_wconf 76' lang='lat' dir='ltr'>fruaum</span> <span class='ocrx_word' id='word_1_64' title='bbox 787 1321 959 1397; x_wconf 77' lang='lat' dir='ltr'>pabulique</span> <span class='ocrx_word' id='word_1_65' title='bbox 973 1316 1080 1382; x_wconf 82' lang='lat' dir='ltr'>laetus</span> <span class='ocrx_word' id='word_1_66' title='bbox 1103 1337 1191 1400; x_wconf 85' lang='lat' dir='ltr'>ager.</span> 
     </span>
    </p>

    <p class='ocr_par' dir='ltr' id='par_1_5' title="bbox 239 1426 1435 1849">
     <span class='ocr_line' id='line_1_9' title="bbox 325 1426 1434 1514; baseline 0 -20"><span class='ocrx_word' id='word_1_67' title='bbox 325 1429 376 1494; x_wconf 83' lang='lat' dir='ltr'>Ex</span> <span class='ocrx_word' id='word_1_68' title='bbox 395 1427 619 1514; x_wconf 80' lang='lat' dir='ltr'>hujuscemodi</span> <span class='ocrx_word' id='word_1_69' title='bbox 649 1426 809 1510; x_wconf 60' lang='lat' dir='ltr'>ablativa,</span> <span class='ocrx_word' id='word_1_70' title='bbox 840 1449 922 1512; x_wconf 80' lang='lat' dir='ltr'>quos</span> <span class='ocrx_word' id='word_1_71' title='bbox 942 1429 1039 1494; x_wconf 89' lang='lat' dir='ltr'>modo</span> <span class='ocrx_word' id='word_1_72' title='bbox 1068 1428 1240 1510; x_wconf 80' lang='lat' dir='ltr'>nominavi,</span> <span class='ocrx_word' id='word_1_73' title='bbox 1266 1433 1358 1494; x_wconf 82' lang='lat' dir='ltr'>ortus</span> <span class='ocrx_word' id='word_1_74' title='bbox 1378 1435 1434 1494; x_wconf 82' lang='lat' dir='ltr'>est</span> 
     </span>
     <span class='ocr_line' id='line_1_10' title="bbox 239 1540 1435 1625; baseline 0.002 -21"><span class='ocrx_word' id='word_1_75' title='bbox 239 1541 268 1604; x_wconf 85' lang='lat' dir='ltr'>is</span> <span class='ocrx_word' id='word_1_76' title='bbox 292 1540 463 1621; x_wconf 80' lang='lat' dir='ltr'>ablativus,</span> <span class='ocrx_word' id='word_1_77' title='bbox 495 1562 590 1625; x_wconf 89' lang='lat' dir='ltr'>quem</span> <span class='ocrx_word' id='word_1_78' title='bbox 612 1541 816 1624; x_wconf 81' lang='lat' dir='ltr'>grammatici</span> <span class='ocrx_word' id='word_1_79' title='bbox 838 1540 959 1606; x_wconf 85' lang='lat' dir='ltr'>dieunt.</span> <span class='ocrx_word' id='word_1_80' title='bbox 1003 1545 1172 1606; x_wconf 66' lang='lat' dir='ltr'>ablativum</span> <span class='ocrx_word' id='word_1_81' title='bbox 1196 1547 1356 1606; x_wconf 76' lang='lat' dir='ltr'>relationis</span> <span class='ocrx_word' id='word_1_82' title='bbox 1378 1541 1435 1606; x_wconf 90' lang='lat' dir='ltr'>vel</span> 
     </span>
     <span class='ocr_line' id='line_1_11' title="bbox 240 1650 1435 1738; baseline 0 -20"><span class='ocrx_word' id='word_1_83' title='bbox 240 1658 436 1719; x_wconf 77' lang='lat' dir='ltr'>limitatioair.</span> <span class='ocrx_word' id='word_1_84' title='bbox 466 1650 695 1718; x_wconf 80' lang='lat' dir='ltr'>Circumscribi</span> <span class='ocrx_word' id='word_1_85' title='bbox 709 1657 819 1737; x_wconf 81' lang='lat' dir='ltr'>potest</span> <span class='ocrx_word' id='word_1_86' title='bbox 837 1652 996 1720; x_wconf 86' lang='lat' dir='ltr'>formula:</span> <span class='ocrx_word' id='word_1_87' title='bbox 1019 1653 1127 1738; x_wconf 86' lang='lat' dir='ltr'><strong>„quod</strong></span> <span class='ocrx_word' id='word_1_88' title='bbox 1148 1654 1268 1719; x_wconf 84' lang='lat' dir='ltr'>attinet</span> <span class='ocrx_word' id='word_1_89' title='bbox 1282 1652 1353 1732; x_wconf 87' lang='lat' dir='ltr'>ad“,</span> <span class='ocrx_word' id='word_1_90' title='bbox 1377 1654 1435 1718; x_wconf 88' lang='lat' dir='ltr'>vel</span> 
     </span>
     <span class='ocr_line' id='line_1_12' title="bbox 241 1764 840 1849; baseline 0.003 -21"><span class='ocrx_word' id='word_1_91' title='bbox 241 1770 410 1849; x_wconf 80' lang='lat' dir='ltr'>„respectu</span> <span class='ocrx_word' id='word_1_92' title='bbox 431 1764 509 1846; x_wconf 81' lang='lat' dir='ltr'>rei“,</span> <span class='ocrx_word' id='word_1_93' title='bbox 532 1765 678 1846; x_wconf 84' lang='lat' dir='ltr'>„ratione</span> <span class='ocrx_word' id='word_1_94' title='bbox 698 1764 840 1830; x_wconf 64' lang='lat' dir='ltr'>habitat</span> 
     </span>
    </p>

    <p class='ocr_par' dir='ltr' id='par_1_6' title="bbox 326 1877 1312 1965">
     <span class='ocr_line' id='line_1_13' title="bbox 326 1877 1312 1965; baseline 0.01 -24"><span class='ocrx_word' id='word_1_95' title='bbox 326 1883 466 1943; x_wconf 77' lang='lat' dir='ltr'>adultus:</span> <span class='ocrx_word' id='word_1_96' title='bbox 486 1878 603 1942; x_wconf 84' lang='lat' dir='ltr'>timens</span> <span class='ocrx_word' id='word_1_97' title='bbox 625 1878 808 1962; x_wconf 82' lang='lat' dir='ltr'>privignum</span> <span class='ocrx_word' id='word_1_98' title='bbox 828 1877 976 1944; x_wconf 83' lang='lat' dir='ltr'>adultum</span> <span class='ocrx_word' id='word_1_99' title='bbox 1001 1887 1102 1944; x_wconf 86' lang='lat' dir='ltr'>aetate</span> <span class='ocrx_word' id='word_1_100' title='bbox 1122 1878 1190 1944; x_wconf 78' lang='lat' dir='ltr'>cat.</span> <span class='ocrx_word' id='word_1_101' title='bbox 1215 1884 1312 1965; x_wconf 74' lang='lat'>15‚2..</span> 
     </span>
    </p>

    <p class='ocr_par' dir='ltr' id='par_1_7' title="bbox 241 1989 1434 2188">
     <span class='ocr_line' id='line_1_14' title="bbox 326 1989 1434 2077; baseline 0.001 -23"><span class='ocrx_word' id='word_1_102' title='bbox 326 2009 440 2069; x_wconf 74' lang='lat' dir='ltr'>repar:</span> <span class='ocrx_word' id='word_1_103' title='bbox 456 1994 591 2070; x_wconf 80' lang='lat' dir='ltr'>pedibus</span> <span class='ocrx_word' id='word_1_104' title='bbox 613 2010 711 2074; x_wconf 81' lang='lat' dir='ltr'>aeger</span> <span class='ocrx_word' id='word_1_105' title='bbox 733 1989 802 2056; x_wconf 88' lang='lat' dir='ltr'>Cat.</span> <span class='ocrx_word' id='word_1_106' title='bbox 824 1997 908 2077; x_wconf 78' lang='lat'>59,4.</span> <span class='ocrx_word' id='word_1_107' title='bbox 952 1990 1078 2056; x_wconf 83' lang='lat' dir='ltr'>animus</span> <span class='ocrx_word' id='word_1_108' title='bbox 1100 2012 1197 2072; x_wconf 77' lang='lat' dir='ltr'>aaaar</span> <span class='ocrx_word' id='word_1_109' title='bbox 1219 1997 1353 2057; x_wconf 85' lang='lat' dir='ltr'>auaritia</span> <span class='ocrx_word' id='word_1_110' title='bbox 1379 1990 1434 2055; x_wconf 85' lang='lat' dir='ltr'>fa-</span> 
     </span>
     <span class='ocr_line' id='line_1_15' title="bbox 241 2100 768 2188; baseline 0.002 -22"><span class='ocrx_word' id='word_1_111' title='bbox 241 2100 302 2166; x_wconf 84' lang='lat' dir='ltr'>cile</span> <span class='ocrx_word' id='word_1_112' title='bbox 327 2121 499 2166; x_wconf 80' lang='lat' dir='ltr'>conversus</span> <span class='ocrx_word' id='word_1_113' title='bbox 523 2107 573 2168; x_wconf 84' lang='lat' dir='ltr'>est</span> <span class='ocrx_word' id='word_1_114' title='bbox 593 2103 661 2186; x_wconf 81' lang='lat' dir='ltr'>lug.</span> <span class='ocrx_word' id='word_1_115' title='bbox 685 2107 768 2188; x_wconf 74' lang='lat'>29,1.</span> 
     </span>
    </p>

    <p class='ocr_par' dir='ltr' id='par_1_8' title="bbox 239 2213 1433 2413">
     <span class='ocr_line' id='line_1_16' title="bbox 325 2213 1433 2298; baseline 0.003 -21"><span class='ocrx_word' id='word_1_116' title='bbox 325 2218 471 2292; x_wconf 81' lang='lat' dir='ltr'>amplier:</span> <span class='ocrx_word' id='word_1_117' title='bbox 494 2215 672 2279; x_wconf 85' lang='lat' dir='ltr'>exereitum</span> <span class='ocrx_word' id='word_1_118' title='bbox 694 2234 820 2279; x_wconf 81' lang='lat' dir='ltr'>numera</span> <span class='ocrx_word' id='word_1_119' title='bbox 841 2215 1008 2280; x_wconf 90' lang='lat' dir='ltr'>hominum</span> <span class='ocrx_word' id='word_1_120' title='bbox 1029 2215 1229 2298; x_wconf 87' lang='lat' dir='ltr'>ampliorem,</span> <span class='ocrx_word' id='word_1_121' title='bbox 1249 2215 1306 2280; x_wconf 82' lang='lat' dir='ltr'>sed</span> <span class='ocrx_word' id='word_1_122' title='bbox 1328 2213 1433 2280; x_wconf 85' lang='lat' dir='ltr'>hebe-</span> 
     </span>
     <span class='ocr_line' id='line_1_17' title="bbox 239 2324 746 2413; baseline 0.006 -24"><span class='ocrx_word' id='word_1_123' title='bbox 239 2329 305 2389; x_wconf 87' lang='lat' dir='ltr'>tem</span> <span class='ocrx_word' id='word_1_124' title='bbox 326 2324 553 2409; x_wconf 88' lang='lat' dir='ltr'>infirmumque</span> <span class='ocrx_word' id='word_1_125' title='bbox 573 2326 643 2410; x_wconf 84' lang='lat' dir='ltr'>lug.</span> <span class='ocrx_word' id='word_1_126' title='bbox 665 2332 714 2407; x_wconf 84' lang='lat'>54,</span> <span class='ocrx_word' id='word_1_127' title='bbox 721 2369 746 2413; x_wconf 79' lang='lat'>3.</span> 
     </span>
    </p>

    <p class='ocr_par' dir='ltr' id='par_1_9' title="bbox 327 2437 1432 2526">
     <span class='ocr_line' id='line_1_18' title="bbox 327 2437 1432 2526; baseline 0.004 -24"><span class='ocrx_word' id='word_1_128' title='bbox 327 2441 502 2503; x_wconf 68' lang='lat' dir='ltr'>bulliantur:</span> <span class='ocrx_word' id='word_1_129' title='bbox 525 2437 613 2521; x_wconf 90' lang='lat' dir='ltr'><strong>quod</strong></span> <span class='ocrx_word' id='word_1_130' title='bbox 628 2449 744 2505; x_wconf 83' lang='lat' dir='ltr'>natura</span> <span class='ocrx_word' id='word_1_131' title='bbox 756 2460 834 2524; x_wconf 80' lang='lat' dir='ltr'>gens</span> <span class='ocrx_word' id='word_1_132' title='bbox 848 2439 975 2505; x_wconf 82' lang='lat' dir='ltr'>Galliae</span> <span class='ocrx_word' id='word_1_133' title='bbox 986 2438 1143 2505; x_wconf 80' lang='lat' dir='ltr'>bellicosa</span> <span class='ocrx_word' id='word_1_134' title='bbox 1158 2445 1245 2506; x_wconf 82' lang='lat' dir='ltr'>esset</span> <span class='ocrx_word' id='word_1_135' title='bbox 1266 2439 1394 2518; x_wconf 69' lang='lat' dir='ltr'>aaran,</span> <span class='ocrx_word' id='word_1_136' title='bbox 1403 2483 1432 2526; x_wconf 73' lang='lat'>1.</span> 
     </span>
    </p>

    <p class='ocr_par' dir='ltr' id='par_1_10' title="bbox 240 2551 1433 2974">
     <span class='ocr_line' id='line_1_19' title="bbox 328 2551 1432 2639; baseline 0.004 -25"><span class='ocrx_word' id='word_1_137' title='bbox 328 2554 436 2615; x_wconf 73' lang='lat' dir='ltr'>baum:</span> <span class='ocrx_word' id='word_1_138' title='bbox 467 2555 501 2615; x_wconf 87' lang='lat' dir='ltr'>et</span> <span class='ocrx_word' id='word_1_139' title='bbox 521 2551 645 2634; x_wconf 89' lang='lat' dir='ltr'>proelio</span> <span class='ocrx_word' id='word_1_140' title='bbox 675 2556 827 2618; x_wconf 84' lang='lat' dir='ltr'>strennue</span> <span class='ocrx_word' id='word_1_141' title='bbox 848 2557 920 2618; x_wconf 87' lang='lat' dir='ltr'>erat</span> <span class='ocrx_word' id='word_1_142' title='bbox 942 2557 975 2617; x_wconf 88' lang='lat' dir='ltr'>et</span> <span class='ocrx_word' id='word_1_143' title='bbox 993 2552 1098 2617; x_wconf 84' lang='lat' dir='ltr'>bonus</span> <span class='ocrx_word' id='word_1_144' title='bbox 1120 2557 1247 2617; x_wconf 79' lang='lat' dir='ltr'>coasilia</span> <span class='ocrx_word' id='word_1_145' title='bbox 1268 2553 1336 2635; x_wconf 82' lang='lat' dir='ltr'>Iug.</span> <span class='ocrx_word' id='word_1_146' title='bbox 1361 2558 1432 2639; x_wconf 54' lang='lat' dir='ltr'>iffi.</span> 
     </span>
     <span class='ocr_line' id='line_1_20' title="bbox 240 2660 1433 2747; baseline 0.003 -20"><span class='ocrx_word' id='word_1_147' title='bbox 240 2662 351 2747; x_wconf 85' lang='lat' dir='ltr'>plures</span> <span class='ocrx_word' id='word_1_148' title='bbox 374 2660 592 2727; x_wconf 88' lang='lat' dir='ltr'>Adherbalem</span> <span class='ocrx_word' id='word_1_149' title='bbox 617 2669 805 2746; x_wconf 78' lang='lat' dir='ltr'>sequuntur,</span> <span class='ocrx_word' id='word_1_150' title='bbox 826 2665 884 2730; x_wconf 85' lang='lat' dir='ltr'>sed</span> <span class='ocrx_word' id='word_1_151' title='bbox 906 2664 998 2729; x_wconf 90' lang='lat' dir='ltr'>illum</span> <span class='ocrx_word' id='word_1_152' title='bbox 1020 2664 1158 2729; x_wconf 89' lang='lat' dir='ltr'>alterum</span> <span class='ocrx_word' id='word_1_153' title='bbox 1181 2669 1257 2730; x_wconf 84' lang='lat' dir='ltr'>balla</span> <span class='ocrx_word' id='word_1_154' title='bbox 1277 2665 1433 2730; x_wconf 84' lang='lat' dir='ltr'>meliores</span> 
     </span>
     <span class='ocr_line' id='line_1_21' title="bbox 240 2775 1433 2858; baseline 0 -18"><span class='ocrx_word' id='word_1_155' title='bbox 240 2775 309 2858; x_wconf 87' lang='lat' dir='ltr'>lug.</span> <span class='ocrx_word' id='word_1_156' title='bbox 334 2779 417 2858; x_wconf 75' lang='lat'>13‚1.</span> <span class='ocrx_word' id='word_1_157' title='bbox 456 2779 514 2840; x_wconf 83' lang='lat' dir='ltr'>aut</span> <span class='ocrx_word' id='word_1_158' title='bbox 540 2775 638 2840; x_wconf 84' lang='lat' dir='ltr'>rudes</span> <span class='ocrx_word' id='word_1_159' title='bbox 661 2796 734 2841; x_wconf 88' lang='lat' dir='ltr'>aum</span> <span class='ocrx_word' id='word_1_160' title='bbox 756 2776 1044 2843; x_wconf 82' lang='lat' dir='ltr'>bello-melioribus</span> <span class='ocrx_word' id='word_1_161' title='bbox 1064 2797 1196 2842; x_wconf 89' lang='lat' dir='ltr'>manum</span> <span class='ocrx_word' id='word_1_162' title='bbox 1219 2781 1433 2841; x_wconf 79' lang='lat' dir='ltr'>consererent</span> 
     </span>
     <span class='ocr_line' id='line_1_22' title="bbox 240 2874 1211 2974; baseline 0.002 -22"><span class='ocrx_word' id='word_1_163' title='bbox 240 2888 309 2970; x_wconf 86' lang='lat' dir='ltr'>lug.</span> <span class='ocrx_word' id='word_1_164' title='bbox 332 2893 383 2966; x_wconf 84' lang='lat'>49,</span> <span class='ocrx_word' id='word_1_165' title='bbox 394 2928 418 2974; x_wconf 72' lang='lat'>2.</span> <span class='ocrx_word' id='word_1_166' title='bbox 1197 2874 1211 2896; x_wconf 63' lang='lat'>⁸</span> 
     </span>
    </p>

    <p class='ocr_par' dir='ltr' id='par_1_11' title="bbox 327 2999 1148 3085">
     <span class='ocr_line' id='line_1_23' title="bbox 327 2999 1148 3085; baseline 0.002 -21"><span class='ocrx_word' id='word_1_167' title='bbox 327 3010 458 3078; x_wconf 81' lang='lat' dir='ltr'>captur:</span> <span class='ocrx_word' id='word_1_168' title='bbox 478 2999 589 3066; x_wconf 87' lang='lat' dir='ltr'>mitem</span> <span class='ocrx_word' id='word_1_169' title='bbox 614 3005 647 3066; x_wconf 86' lang='lat' dir='ltr'>et</span> <span class='ocrx_word' id='word_1_170' title='bbox 669 3005 801 3085; x_wconf 81' lang='lat' dir='ltr'>captum</span> <span class='ocrx_word' id='word_1_171' title='bbox 816 3005 951 3080; x_wconf 79' lang='lat' dir='ltr'>pedibus</span> <span class='ocrx_word' id='word_1_172' title='bbox 973 3001 1013 3066; x_wconf 89' lang='lat' dir='ltr'>fr.</span> <span class='ocrx_word' id='word_1_173' title='bbox 1035 3002 1075 3066; x_wconf 94' lang='lat'>11.</span> <span class='ocrx_word' id='word_1_174' title='bbox 1098 3006 1148 3066; x_wconf 87' lang='grc'>36.</span> 
     </span>
    </p>

    <p class='ocr_par' dir='ltr' id='par_1_12' title="bbox 328 3111 1073 3196">
     <span class='ocr_line' id='line_1_24' title="bbox 328 3111 1073 3196; baseline 0 -18"><span class='ocrx_word' id='word_1_175' title='bbox 328 3117 478 3192; x_wconf 69' lang='lat' dir='ltr'>difficilis:</span> <span class='ocrx_word' id='word_1_176' title='bbox 501 3112 595 3178; x_wconf 88' lang='lat' dir='ltr'>nobis</span> <span class='ocrx_word' id='word_1_177' title='bbox 617 3118 704 3177; x_wconf 84' lang='lat' dir='ltr'>aditu</span> <span class='ocrx_word' id='word_1_178' title='bbox 726 3111 867 3178; x_wconf 79' lang='lat' dir='ltr'>difficilis</span> <span class='ocrx_word' id='word_1_179' title='bbox 891 3113 959 3196; x_wconf 85' lang='lat' dir='ltr'>lug.</span> <span class='ocrx_word' id='word_1_180' title='bbox 983 3119 1073 3194; x_wconf 83' lang='lat'>91,7.</span> 
     </span>
    </p>

    <p class='ocr_par' dir='ltr' id='par_1_13' title="bbox 322 3215 1323 3311">
     <span class='ocr_line' id='line_1_25' title="bbox 322 3215 1323 3311; baseline 0 -22"><span class='ocrx_word' id='word_1_181' title='bbox 322 3228 446 3305; x_wconf 78' lang='lat' dir='ltr'>facilia:</span> <span class='ocrx_word' id='word_1_182' title='bbox 467 3223 627 3289; x_wconf 82' lang='lat' dir='ltr'>facundus</span> <span class='ocrx_word' id='word_1_183' title='bbox 649 3225 786 3290; x_wconf 79' lang='lat' dir='ltr'>callidus</span> <span class='ocrx_word' id='word_1_184' title='bbox 810 3230 843 3291; x_wconf 89' lang='lat' dir='ltr'>et</span> <span class='ocrx_word' id='word_1_185' title='bbox 864 3230 999 3291; x_wconf 79' lang='lat' dir='ltr'>amicilia</span> <span class='ocrx_word' id='word_1_186' title='bbox 1018 3225 1124 3290; x_wconf 81' lang='lat' dir='ltr'>facilis</span> <span class='ocrx_word' id='word_1_187' title='bbox 1146 3215 1215 3309; x_wconf 82' lang='lat' dir='ltr'>Iug.</span> <span class='ocrx_word' id='word_1_188' title='bbox 1239 3231 1323 3311; x_wconf 76' lang='lat'>95,3.</span> 
     </span>
    </p>

    <p class='ocr_par' dir='ltr' id='par_1_14' title="bbox 241 3336 1433 3534">
     <span class='ocr_line' id='line_1_26' title="bbox 325 3336 1433 3421; baseline 0.003 -22"><span class='ocrx_word' id='word_1_189' title='bbox 325 3341 527 3416; x_wconf 80' lang='lat' dir='ltr'>infecundus:</span> <span class='ocrx_word' id='word_1_190' title='bbox 549 3356 627 3419; x_wconf 81' lang='lat' dir='ltr'>ager</span> <span class='ocrx_word' id='word_1_191' title='bbox 651 3336 781 3420; x_wconf 85' lang='lat' dir='ltr'>frugum</span> <span class='ocrx_word' id='word_1_192' title='bbox 795 3336 922 3417; x_wconf 82' lang='lat' dir='ltr'>fertilis,</span> <span class='ocrx_word' id='word_1_193' title='bbox 943 3336 1048 3403; x_wconf 84' lang='lat' dir='ltr'>bonus</span> <span class='ocrx_word' id='word_1_194' title='bbox 1070 3338 1190 3421; x_wconf 79' lang='lat' dir='ltr'>pecori,</span> <span class='ocrx_word' id='word_1_195' title='bbox 1212 3343 1326 3404; x_wconf 80' lang='lat' dir='ltr'>artare</span> <span class='ocrx_word' id='word_1_196' title='bbox 1348 3337 1398 3402; x_wconf 85' lang='lat' dir='ltr'>inf</span> <span class='ocrx_word' id='word_1_197' title='bbox 1416 3373 1433 3386; x_wconf 92' lang='lat'><strong>·</strong></span> 
     </span>
     <span class='ocr_line' id='line_1_27' title="bbox 241 3446 566 3534; baseline 0.003 -22"><span class='ocrx_word' id='word_1_198' title='bbox 241 3446 367 3513; x_wconf 83' lang='lat' dir='ltr'>aundus</span> <span class='ocrx_word' id='word_1_199' title='bbox 387 3448 455 3531; x_wconf 81' lang='lat' dir='ltr'>lug.</span> <span class='ocrx_word' id='word_1_200' title='bbox 484 3454 566 3534; x_wconf 72' lang='lat' dir='ltr'>ll,5.</span> 
     </span>
    </p>

    <p class='ocr_par' dir='ltr' id='par_1_15' title="bbox 325 3562 1043 3646">
     <span class='ocr_line' id='line_1_28' title="bbox 325 3562 1043 3646; baseline 0.006 -22"><span class='ocrx_word' id='word_1_201' title='bbox 325 3565 477 3642; x_wconf 84' lang='lat' dir='ltr'>inferior:</span> <span class='ocrx_word' id='word_1_202' title='bbox 498 3569 584 3628; x_wconf 86' lang='lat' dir='ltr'>uuila</span> <span class='ocrx_word' id='word_1_203' title='bbox 606 3572 675 3628; x_wconf 87' lang='lat' dir='ltr'>arte</span> <span class='ocrx_word' id='word_1_204' title='bbox 697 3562 849 3646; x_wconf 79' lang='lat' dir='ltr'>cuiquam</span> <span class='ocrx_word' id='word_1_205' title='bbox 870 3562 909 3627; x_wconf 89' lang='lat' dir='ltr'>fr.</span> <span class='ocrx_word' id='word_1_206' title='bbox 931 3562 971 3628; x_wconf 92' lang='lat'>11.</span> <span class='ocrx_word' id='word_1_207' title='bbox 993 3568 1043 3628; x_wconf 82' lang='grc'>87.</span> 
     </span>
    </p>

    <p class='ocr_par' dir='ltr' id='par_1_16' title="bbox 239 3673 1431 3868">
     <span class='ocr_line' id='line_1_29' title="bbox 327 3673 1431 3758; baseline 0.004 -20"><span class='ocrx_word' id='word_1_208' title='bbox 327 3678 467 3754; x_wconf 79' lang='lat' dir='ltr'>iuteaer:</span> <span class='ocrx_word' id='word_1_209' title='bbox 492 3681 583 3755; x_wconf 82' lang='lat' dir='ltr'>sama</span> <span class='ocrx_word' id='word_1_210' title='bbox 608 3679 642 3740; x_wconf 89' lang='lat' dir='ltr'>et</span> <span class='ocrx_word' id='word_1_211' title='bbox 659 3680 796 3747; x_wconf 82' lang='lat' dir='ltr'>fortunis</span> <span class='ocrx_word' id='word_1_212' title='bbox 823 3674 952 3758; x_wconf 83' lang='lat' dir='ltr'>integer</span> <span class='ocrx_word' id='word_1_213' title='bbox 978 3695 1058 3758; x_wconf 81' lang='lat' dir='ltr'>ages</span> <span class='ocrx_word' id='word_1_214' title='bbox 1080 3673 1135 3741; x_wconf 89' lang='lat' dir='ltr'>Or.</span> <span class='ocrx_word' id='word_1_215' title='bbox 1151 3675 1234 3742; x_wconf 84' lang='lat' dir='ltr'>Cott.</span> <span class='ocrx_word' id='word_1_216' title='bbox 1259 3684 1287 3742; x_wconf 82' lang='lat'>5.</span> <span class='ocrx_word' id='word_1_217' title='bbox 1332 3681 1431 3756; x_wconf 81' lang='lat' dir='ltr'>copiis</span> 
     </span>
     <span class='ocr_line' id='line_1_30' title="bbox 239 3785 564 3868; baseline 0.003 -18"><span class='ocrx_word' id='word_1_218' title='bbox 239 3786 369 3868; x_wconf 78' lang='lat' dir='ltr'>integra</span> <span class='ocrx_word' id='word_1_219' title='bbox 389 3785 429 3852; x_wconf 79' lang='lat' dir='ltr'>fr.</span> <span class='ocrx_word' id='word_1_220' title='bbox 450 3786 491 3852; x_wconf 91' lang='lat'>11.</span> <span class='ocrx_word' id='word_1_221' title='bbox 513 3792 564 3853; x_wconf 85' lang='lat'>95.</span> 
     </span>
    </p>

    <p class='ocr_par' dir='ltr' id='par_1_17' title="bbox 241 3899 1430 4099">
     <span class='ocr_line' id='line_1_31' title="bbox 326 3899 1430 3987; baseline 0.005 -26"><span class='ocrx_word' id='word_1_222' title='bbox 326 3903 445 3977; x_wconf 82' lang='lat' dir='ltr'>impar:</span> <span class='ocrx_word' id='word_1_223' title='bbox 468 3899 545 3982; x_wconf 88' lang='lat' dir='ltr'>quia</span> <span class='ocrx_word' id='word_1_224' title='bbox 565 3909 703 3964; x_wconf 84' lang='lat' dir='ltr'>materna</span> <span class='ocrx_word' id='word_1_225' title='bbox 726 3920 842 3979; x_wconf 72' lang='lat' dir='ltr'>praere</span> <span class='ocrx_word' id='word_1_226' title='bbox 862 3899 969 3984; x_wconf 85' lang='lat' dir='ltr'>imper</span> <span class='ocrx_word' id='word_1_227' title='bbox 990 3905 1063 3966; x_wconf 85' lang='lat' dir='ltr'>erat</span> <span class='ocrx_word' id='word_1_228' title='bbox 1080 3902 1148 3984; x_wconf 86' lang='lat' dir='ltr'>Ing.</span> <span class='ocrx_word' id='word_1_229' title='bbox 1174 3905 1256 3987; x_wconf 79' lang='lat' dir='ltr'>ll‚3.</span> <span class='ocrx_word' id='word_1_230' title='bbox 1286 3903 1430 3984; x_wconf 78' lang='lat' dir='ltr'>impares</span> 
     </span>
     <span class='ocr_line' id='line_1_32' title="bbox 241 4010 1430 4099; baseline 0.003 -25"><span class='ocrx_word' id='word_1_231' title='bbox 241 4015 452 4090; x_wconf 72' lang='lat' dir='ltr'>mapuitudiue</span> <span class='ocrx_word' id='word_1_232' title='bbox 472 4010 634 4098; x_wconf 71' lang='lat' dir='ltr'>Iug.78‚2.</span> <span class='ocrx_word' id='word_1_233' title='bbox 664 4016 807 4076; x_wconf 86' lang='lat' dir='ltr'>aeterum</span> <span class='ocrx_word' id='word_1_234' title='bbox 825 4021 962 4078; x_wconf 80' lang='lat' dir='ltr'>materno</span> <span class='ocrx_word' id='word_1_235' title='bbox 983 4035 1099 4094; x_wconf 74' lang='lat' dir='ltr'>acuere</span> <span class='ocrx_word' id='word_1_236' title='bbox 1111 4013 1218 4097; x_wconf 88' lang='lat' dir='ltr'>impar</span> <span class='ocrx_word' id='word_1_237' title='bbox 1240 4013 1430 4099; x_wconf 72' lang='lat' dir='ltr'>Ing.108,1.</span> 
     </span>
    </p>

    <p class='ocr_par' dir='ltr' id='par_1_18' title="bbox 327 4123 1430 4211">
     <span class='ocr_line' id='line_1_33' title="bbox 327 4123 1430 4211; baseline 0.005 -24"><span class='ocrx_word' id='word_1_238' title='bbox 327 4128 445 4202; x_wconf 85' lang='lat' dir='ltr'>major:</span> <span class='ocrx_word' id='word_1_239' title='bbox 468 4123 618 4205; x_wconf 82' lang='lat' dir='ltr'>legantur</span> <span class='ocrx_word' id='word_1_240' title='bbox 640 4128 749 4189; x_wconf 84' lang='lat' dir='ltr'>tamen</span> <span class='ocrx_word' id='word_1_241' title='bbox 771 4123 805 4188; x_wconf 92' lang='lat' dir='ltr'>in</span> <span class='ocrx_word' id='word_1_242' title='bbox 828 4125 971 4190; x_wconf 82' lang='lat' dir='ltr'>Africam</span> <span class='ocrx_word' id='word_1_243' title='bbox 992 4126 1133 4210; x_wconf 83' lang='lat' dir='ltr'>majores</span> <span class='ocrx_word' id='word_1_244' title='bbox 1154 4135 1230 4190; x_wconf 82' lang='lat' dir='ltr'>natu</span> <span class='ocrx_word' id='word_1_245' title='bbox 1249 4126 1319 4209; x_wconf 85' lang='lat' dir='ltr'>Ing.</span> <span class='ocrx_word' id='word_1_246' title='bbox 1343 4131 1430 4211; x_wconf 78' lang='lat'>25,4.</span> 
     </span>
    </p>

    <p class='ocr_par' dir='ltr' id='par_1_19' title="bbox 242 4235 1432 4545">
     <span class='ocr_line' id='line_1_34' title="bbox 321 4235 1429 4326; baseline 0.003 -26"><span class='ocrx_word' id='word_1_247' title='bbox 321 4256 402 4314; x_wconf 79' lang='lat' dir='ltr'>par:</span> <span class='ocrx_word' id='word_1_248' title='bbox 437 4235 525 4319; x_wconf 90' lang='lat' dir='ltr'>quod</span> <span class='ocrx_word' id='word_1_249' title='bbox 553 4255 659 4319; x_wconf 91' lang='lat' dir='ltr'>neque</span> <span class='ocrx_word' id='word_1_250' title='bbox 688 4256 723 4302; x_wconf 83' lang='lat' dir='ltr'>se</span> <span class='ocrx_word' id='word_1_251' title='bbox 752 4257 865 4320; x_wconf 88' lang='lat' dir='ltr'>parem</span> <span class='ocrx_word' id='word_1_252' title='bbox 894 4242 990 4302; x_wconf 78' lang='lat' dir='ltr'>armis</span> <span class='ocrx_word' id='word_1_253' title='bbox 1020 4237 1229 4303; x_wconf 83' lang='lat' dir='ltr'>existimabat</span> <span class='ocrx_word' id='word_1_254' title='bbox 1249 4239 1318 4322; x_wconf 83' lang='lat' dir='ltr'>iug.</span> <span class='ocrx_word' id='word_1_255' title='bbox 1342 4244 1429 4326; x_wconf 71' lang='lat'>20,5.</span> 
     </span>
     <span class='ocr_line' id='line_1_35' title="bbox 242 4347 1432 4432; baseline 0.004 -20"><span class='ocrx_word' id='word_1_256' title='bbox 242 4347 348 4412; x_wconf 77' lang='lat' dir='ltr'>scalas</span> <span class='ocrx_word' id='word_1_257' title='bbox 381 4367 478 4431; x_wconf 83' lang='lat' dir='ltr'>pares</span> <span class='ocrx_word' id='word_1_258' title='bbox 504 4348 671 4413; x_wconf 71' lang='lat' dir='ltr'>⁴moenium</span> <span class='ocrx_word' id='word_1_259' title='bbox 705 4353 868 4415; x_wconf 81' lang='lat' dir='ltr'>altitudine</span> <span class='ocrx_word' id='word_1_260' title='bbox 896 4349 935 4414; x_wconf 82' lang='lat' dir='ltr'>fr.</span> <span class='ocrx_word' id='word_1_261' title='bbox 964 4350 1017 4418; x_wconf 88' lang='lat' dir='ltr'>IV.</span> <span class='ocrx_word' id='word_1_262' title='bbox 1041 4356 1091 4416; x_wconf 83' lang='lat'>55.</span> <span class='ocrx_word' id='word_1_263' title='bbox 1138 4355 1189 4415; x_wconf 82' lang='lat' dir='ltr'>eet</span> <span class='ocrx_word' id='word_1_264' title='bbox 1215 4356 1432 4432; x_wconf 76' lang='lat' dir='ltr'>maaaitudiue</span> 
     </span>
     <span class='ocr_line' id='line_1_36' title="bbox 242 4459 1059 4545; baseline 0.001 -19"><span class='ocrx_word' id='word_1_265' title='bbox 242 4460 395 4543; x_wconf 81' lang='lat' dir='ltr'>antiquus</span> <span class='ocrx_word' id='word_1_266' title='bbox 419 4465 548 4526; x_wconf 75' lang='lat' dir='ltr'>dativus,</span> <span class='ocrx_word' id='word_1_267' title='bbox 571 4459 611 4526; x_wconf 84' lang='lat' dir='ltr'>af.</span> <span class='ocrx_word' id='word_1_268' title='bbox 633 4461 799 4545; x_wconf 75' lang='lat' dir='ltr'>Kriiger§</span> <span class='ocrx_word' id='word_1_269' title='bbox 825 4467 894 4528; x_wconf 84' lang='lat'>195.</span> <span class='ocrx_word' id='word_1_270' title='bbox 917 4463 1007 4527; x_wconf 84' lang='lat' dir='ltr'>Anm.</span> <span class='ocrx_word' id='word_1_271' title='bbox 1032 4468 1059 4528; x_wconf 89' lang='lat'>1.</span> 
     </span>
    </p>
   </div>
   <div class='ocr_carea' id='block_1_4' title="bbox 0 0 1598 5276">
    <p class='ocr_par' dir='ltr' id='par_1_20' title="bbox 0 0 1598 5276">
     <span class='ocr_line' id='line_1_37' title="bbox 0 0 1598 5276; baseline 0 0"><span class='ocrx_word' id='word_1_272' title='bbox 0 0 1598 5276; x_wconf 95' lang='lat' dir='ltr'> </span> 
     </span>
    </p>
   </div>
  </div>
 </body>
</html>
