3180 5276
758 469 970 530 ...82-

360 659 472 720 andire
510 654 623 719 audire
645 652 774 717 solitum
798 673 838 717 ex
860 652 1001 717 Gabinio
1024 651 1093 716 Oet.
1115 657 1199 737 47η.
1230 671 1270 716 ex
1293 651 1457 718 Volturcio

274 771 332 832 aut
354 765 584 849 Allobrogibus
606 767 675 830 Cat.
699 772 784 850 49sp

359 899 562 959 eopnoseere:
587 899 627 943 ex
649 897 687 942 eo
711 897 806 960 quem
829 876 871 941 ad
892 881 926 942 te
950 876 1023 942 misi
1045 876 1114 942 Cat.
1137 881 1188 955 44,
1196 917 1221 962 4.
1254 897 1294 941 ex
1315 876 1457 960 perfugis

273 992 340 1055 Cat.
367 998 450 1076 πθ.
496 1011 535 1054 ex
557 990 675 1055 litteris
697 991 765 1072 lug.
790 997 852 1074 9‚3.
886 1010 926 1054 ex
948 988 1094 1073 perfugis
1114 989 1183 1071 Ing.
1207 993 1290 1074 73η.
1321 1009 1362 1054 ex
1381 1010 1457 1053 nun-

272 1103 326 1167 tiis
347 1103 415 1185 lug.
436 1107 517 1187 94,3.
548 1123 588 1166 ex
604 1101 714 1166 multis
734 1101 802 1183 lug.
826 1106 876 1181 97,
884 1141 910 1186 4·
941 1121 981 1165 ex
998 1099 1258 1185 speculatoribus
1277 1101 1457 1186 lug.106‚2.

273 1236 313 1278 ex
336 1214 428 1279 Sulla
448 1215 517 1297 lug.
545 1219 651 1298 1121.

358 1347 505 1392 noscere:
538 1347 577 1390 ex
613 1347 676 1409 qno
706 1329 878 1408 praesente
900 1345 978 1390 vera
1006 1324 1160 1389 facillime
1187 1330 1400 1390 noscerentur
1421 1323 1457 1388 fr.

271 1439 328 1503 III.
352 1439 440 1504 670³.
470 1438 646 1504 manifesta
667 1438 771 1520 magis
792 1460 832 1502 ex
853 1437 909 1502 illo
932 1436 1055 1502 habere
1077 1437 1146 1521 Iug.
1169 1441 1219 1517 33,
1228 1477 1253 1522 4.

359 1571 527 1630 quaerere:
550 1572 591 1615 ex
611 1549 762 1633 patribus
789 1549 898 1614 Albini
921 1553 978 1614 ant
1000 1549 1131 1614 Bestiae
1155 1549 1223 1632 lug.
1246 1554 1344 1635 85‚16.

358 1663 471 1746 beque
494 1664 589 1728 aliter

357 1795 506 1854 sperare:
529 1795 570 1839 ex
590 1775 727 1840 victoria
748 1773 832 1838 talia
853 1773 1009 1858 sperabat
1026 1775 1095 1839 cat.
1120 1777 1201 1858 326.

357 1898 505 1952 metuere:
533 1887 590 1951 alii
620 1907 659 1951 ex
688 1887 833 1970 partium
860 1884 984 1950 invidia
1005 1884 1153 1969 pericula
1179 1888 1361 1951 metuentes
1391 1884 1458 1967 lug.

272 2005 356 2084 40,2.
401 1999 429 2064 si
451 1999 631 2083 periculum
654 2019 693 2064 ex
714 1999 779 2063 illis
801 1998 919 2063 metuit
941 1997 1009 2062 Cat.
1034 2001 1129 2082 bine.

358 2111 613 2176 lustramentum
635 2110 687 2175 vel
717 2110 939 2194 adjumentum
962 2130 1002 2174 ex
1022 2129 1087 2192 quo
1117 2108 1229 2193 aliqua
1249 2129 1303 2174 res
1323 2109 1461 2173 sumitur

271 2223 467 2305 intelligitur
489 2223 556 2288 Cat.
574 2228 623 2302 35,
633 2264 657 2308 3.
688 2243 753 2286 non
776 2222 853 2305 quia
874 2243 935 2305 aes·
953 2221 1094 2286 alienum
1116 2222 1196 2286 meis
1218 2219 1401 2286 nominibus
1422 2241 1461 2284 ex

268 2339 513 2415 possessionibus
535 2342 653 2399 soluere
674 2355 739 2398 non
759 2354 897 2416 possem.
921 2333 990 2398 Cat.
1011 2337 1109 2419 ὅλη.
1150 2333 1215 2398 sint
1236 2353 1315 2398 sane
1338 2381 1367 2396 ..
1388 2335 1460 2397 iibe-

272 2455 356 2512 roles
380 2469 420 2512 ex
442 2453 593 2512 sociorum
612 2453 760 2528 fortunis,
785 2447 850 2510 sint
867 2445 1093 2512 misericordes
1114 2446 1149 2510 in
1170 2444 1298 2510 furibus
1321 2444 1437 2508 aerari.

358 2559 491 2624 Modum
516 2563 549 2623 et
571 2559 675 2641 legem
699 2557 842 2641 aliquam
864 2557 915 2623 vel
934 2557 1152 2622 conditionem
1184 2579 1225 2622 ex
1248 2577 1313 2640 qua
1334 2557 1463 2621 interno

274 2671 414 2754 quodam
435 2692 521 2736 nexu
544 2670 655 2753 aliqua
670 2691 723 2734 res
746 2669 875 2754 pendet,
899 2669 1061 2752 significat
1081 2669 1280 2753 praepositio
1303 2689 1351 2733 ex.
1396 2667 1464 2732 Nos

272 2783 427 2848 vertimus
457 2785 639 2864 ‚semisse
677 2801 717 2846 ea
746 2801 799 2846 res
824 2785 969 2846 cunctas
991 2801 1031 2846 en
1053 2785 1179 2846 libidine
1205 2800 1303 2863 quam
1334 2800 1375 2845 ex
1389 2800 1464 2844 vero

272 2894 419 2959 celebrat
441 2893 659 2976 obscuratque
682 2893 750 2958 Cat.
769 2899 830 2978 8,1.
876 2892 1038 2958 amicitias
1059 2893 1313 2975 inimicitiasque
1333 2911 1399 2956 non
1424 2912 1465 2955 ex

276 3027 312 3070 re
334 3005 391 3070 sed
415 3027 455 3070 ex
485 3012 636 3070 commodo
668 3005 841 3070 aestimare
872 3004 940 3069 Cat.
968 3010 1050 3090 ¹⁰25·
1095 3026 1130 3070 se
1160 3025 1200 3069 ex
1221 3011 1376 3069 voluntate
1398 3003 1466 3068 An·
1582 3033 1583 3098 ]

270 3117 360 3181 tonio
389 3139 523 3182 usurum
555 3117 623 3182 Cat.
647 3123 730 3201 26,1.
790 3137 874 3199 quae
911 3137 951 3181 ex
972 3122 1126 3181 voluntate
1156 3117 1264 3182 forent
1294 3116 1364 3198 regi
1392 3115 1466 3197 lug.
1582 3125 1583 3156 l

272 3233 323 3307 46,
331 3268 355 3313 4.
408 3249 448 3293 ex
475 3229 598 3294 Metelli
635 3235 789 3292 voluntate
818 3227 939 3292 bellum
967 3228 1127 3293 intactum
1163 3227 1251 3293 trahi
1280 3227 1348 3310 Iug.
1379 3232 1467 3312 83‚3.
1582 3219 1583 3233 ¹

273 3361 313 3404 ece
338 3347 493 3405 voluntate
511 3339 621 3404 Sullae
643 3339 751 3404 omnia
773 3360 807 3404 se
829 3339 991 3404 facturum
1012 3339 1176 3422 promittit
1195 3340 1264 3423 Iug.
1294 3343 1363 3418 111,
1370 3380 1395 3424 3.

359 3474 400 3517 ex
421 3462 548 3516 senatus
577 3458 730 3517 consulto:
767 3471 867 3518 causo
894 3451 1026 3534 cognita
1054 3451 1088 3516 in
1118 3451 1247 3516 vincula
1277 3450 1470 3534 conjecerat

273 3565 341 3630 Cat.
365 3569 416 3644 42,
423 3606 448 3651 3.

360 3698 400 3741 en
420 3680 521 3741 senati
543 3682 667 3741 decreto
688 3677 833 3741 nuntiari
849 3675 945 3762 jubet
968 3676 1036 3759 lug.
1059 3679 1143 3761 28‚3.

360 3809 400 3851 ex
421 3793 529 3853 eonsrb
553 3794 675 3854 decreto
702 3809 762 3873 per
783 3787 910 3870 legatos
926 3787 1104 3870 Iugurthae
1126 3786 1267 3871 imperat
1288 3787 1356 3870 Ing.
1378 3791 1471 3874 625.

361 3921 401 3963 ex
426 3905 552 3965 Manilii
572 3905 733 3980 roqoiione
758 3906 825 3964 tres
849 3901 1051 3983 quaesitores
1072 3904 1268 3984 rogarentur
1287 3899 1354 3982 Ing.
1378 3905 1433 3980 40,
1442 3941 1472 3987 4.

361 4032 401 4074 en
417 4023 606 4090 praecepto:
640 4012 804 4077 Ciceronis
833 4034 892 4096 per
916 4011 1090 4077 Gabinium
1113 4016 1239 4077 ceteros
1268 4010 1475 4078 conveniunt

272 4123 447 4208 Cat.44,1.
503 4143 543 4187 ex
572 4129 748 4207 praecepto
778 4125 864 4207 regis
892 4123 1076 4206 hospitibus
1106 4122 1245 4206 aliisque
1343 4145 1477 4207 magna

273 4255 408 4298 munere
431 4235 548 4299 misere
566 4235 635 4319 lug.
655 4241 702 4315 13,
713 4277 736 4321 7.
760 4257 800 4300 ex
822 4241 998 4320 praecepto
1020 4241 1150 4320 tempus
1171 4235 1275 4300 risum
1298 4235 1476 4324 Iug.94,1.

359 4366 400 4410 ex
421 4351 564 4412 libidine:
588 4368 648 4412 sua
666 4369 727 4413 usa
748 4348 867 4413 multos
888 4347 1037 4413 mortalis
1058 4347 1146 4412 ferro
1170 4350 1227 4413 aut
1249 4345 1327 4429 fuga
1342 4349 1479 4414 exstin-

273 4458 322 4522 xit
344 4458 412 4540 Iug.
429 4463 512 4542 42‚4.
565 4459 651 4542 quod
674 4460 736 4524 nisi
757 4481 798 4524 ex
819 4459 953 4525 libidine
975 4460 1062 4526 illius
1084 4461 1154 4542 geri
1173 4479 1237 4524 non
1259 4464 1373 4543 posset
1395 4460 1479 4545 lug.

274 4575 360 4655 54‚5.
407 4590 447 4632 ex
467 4568 602 4634 libidine
626 4570 714 4652 leges
737 4571 940 4654 imperantur
963 4572 1016 4636 Or.
1038 4571 1118 4636 Phil.
1145 4577 1193 4636 17.
1362 4565 1365 4570 ’
