3180 5276
764 499 982 560 ...18-

366 687 399 746 tn
423 687 524 747 altero
540 690 655 762 purte:
700 681 768 748 Cat.
791 687 864 768 41‚2
893 681 1002 746 Livius
1023 681 1133 748 multis
1155 681 1236 748 loeis
1256 684 1350 767 ponit
1371 684 1470 750 Abla·

278 794 395 862 tivum:
409 785 549 873 ‘postica
573 797 728 876 partibas.
772 798 880 880 23‚3,3
902 799 967 860 olto
983 803 1088 874 parte.
1120 800 1150 876 4,
1161 835 1227 881 9‚14
1256 800 1358 862 altere
1373 806 1470 877 parte

281 911 423 994 23,17,42
447 927 509 986 qua
524 915 630 987 parte.
677 911 747 992 18st
774 905 813 973 ef.
836 905 1131 990 Kiihnastp.183.
1174 906 1338 973 Pluralem
1359 931 1470 976 nume-

279 1039 352 1084 rum
368 1022 515 1099 partitas
538 1017 627 1104 apud
640 1017 830 1085 Sallustium
848 1018 915 1084 non
936 1017 1010 1084 vidi.
1056 1017 1184 1084 Omissa
1206 1023 1370 1105 estpars:
1394 1026 1469 1086 dax-

280 1139 331 1194 tro
366 1129 585 1196 Adherbalem
613 1131 745 1198 assedit.
798 1131 867 1214 lug.
893 1135 964 1216 ll‚3
996 1136 1127 1210 dextra,
1159 1135 1289 1195 sinistro
1321 1132 1471 1198 omnibus

280 1241 404 1308 oeeisis.
455 1242 523 1326 lug.
556 1248 656 1330 101,⁹
689 1242 860 1310 ablativus
890 1241 955 1307 loci
985 1252 1072 1308 terro
1110 1243 1278 1327 oppositus
1319 1248 1369 1308 est
1397 1245 1471 1309 vooi

278 1359 367 1420 mort.
411 1354 471 1438 Ep.
493 1353 604 1420 Mithr.
629 1359 668 1420 13
703 1355 792 1440 apud
822 1353 1028 1422 Chalcedona
1056 1363 1143 1420 terra
1171 1353 1255 1435 fudi,
1285 1361 1366 1420 mori
1394 1356 1472 1422 exui

282 1466 395 1532 elassa.
440 1465 509 1532 Cat.
533 1471 607 1554 53‚2
634 1473 715 1534 mort
739 1472 838 1551 atque
858 1477 946 1534 terra
967 1466 1139 1552 praeclara
1159 1465 1307 1532 facinora
1327 1466 1407 1532 feeit
1428 1468 1471 1532 cf.

278 1577 388 1644 Livius
405 1582 538 1663 21‚41‚4.
566 1579 645 1663 quia
666 1577 804 1664 adsequi
825 1589 913 1645 terro
934 1595 999 1644 non
1020 1583 1177 1663 poteram.
1209 1583 1331 1666 22,19‚4
1352 1578 1471 1646 deinde

278 1689 385 1755 miuus
406 1699 494 1756 terra
581 1711 774 1758 oonourrere
794 1712 902 1757 ausus.

366 1800 431 1868 Sed
448 1801 548 1868 latius
563 1803 724 1887 paulatim
737 1803 882 1869 manavit
894 1801 949 1868 hio
964 1823 1052 1868 usus.
1095 1801 1239 1869 ablativi
1260 1802 1324 1868 looi
1346 1802 1470 1868 omissa

278 1913 521 1998 praepositione
543 1915 682 1982 aliorum
696 1935 825 2001 quoque
841 1914 1119 1982 substantivorum
1134 1913 1296 1998 leguntur.
1339 1914 1469 1980 Inveni:

191 2061 195 2067 ·
278 2025 469 2109 plerumque
491 2025 610 2093 milites
631 2032 750 2094 stativis
772 2033 885 2094 castris
907 2026 1052 2093 habebat
1072 2027 1140 2110 lug.
1166 2033 1217 2107 44,
1225 2068 1250 2112 4.
1276 2026 1319 2091 ef.
1341 2026 1471 2092 Livium

280 2143 414 2224 3l‚39‚3.
454 2143 563 2205 iisdem
577 2144 706 2206 stativis.
738 2137 862 2206 Castris
880 2139 949 2204 sine
970 2138 1130 2224 adjectivo
1151 2141 1259 2203 exstat
1280 2139 1340 2222 Ep.
1357 2138 1470 2223 Pomp.

279 2255 309 2314 5.
352 2249 556 2334 hiememque
579 2256 692 2318 austris
714 2251 799 2317 inter
822 2252 1025 2318 saevissimos
1047 2250 1158 2316 hostes
1248 2251 1316 2334 egi.
1339 2250 1382 2316 Et
1403 2249 1471 2315 for-

277 2366 366 2426 tasse
386 2362 449 2428 hoo
470 2362 542 2428 looo
563 2363 784 2430 numerandus
806 2369 856 2430 est
885 2364 954 2448 Ing.
978 2368 1028 2444 64,
1037 2404 1062 2449 4.
1105 2361 1134 2427 is
1158 2383 1195 2427 eo
1217 2367 1366 2446 tempore
1397 2383 1470 2429 coa-

279 2478 419 2540 tuberaio
447 2475 554 2560 patris
582 2475 704 2542 ibidem
726 2475 891 2542 militabat
921 2477 974 2557 „in
1003 2474 1061 2541 der
1092 2473 1183 2540 Suite
1212 2475 1319 2540 seinos
1349 2473 1472 2540 Vaters

279 2585 414 2651 dienen“
437 2587 501 2652 nisi
521 2587 773 2669 „oontubemio“
796 2587 975 2654 ablativum
997 2586 1085 2654 modi
1106 2586 1229 2653 habere
1252 2587 1363 2653 mavis.

364 2697 506 2764 Ablativi
526 2698 591 2764 looi
612 2703 787 2784 praeterea
807 2704 899 2766 sunt:
928 2704 1083 2765 moenibus
1104 2698 1173 2782 lug,
1201 2704 1284 2785 28,2,
1306 2698 1472 2783 placeret-

278 2831 319 2876 ne
348 2809 474 2895 legatos
495 2812 674 2895 Iugurthae
701 2812 804 2897 recipi
831 2811 1010 2878 moenibus.
1055 2811 1098 2878 Se
1121 2809 1267 2896 recipere
1295 2809 1472 2876 Sallustius

279 2943 407 3007 semper
428 2923 594 3010 conjungit
615 2945 689 2990 oum
710 2923 951 3010 praepositione
974 2929 1006 2988 in
1029 2927 1184 3008 sequente
1207 2922 1410 2988 accusativo:
1436 2923 1472 2988 in

278 3056 379 3100 unum
399 3035 468 3119 lug.
486 3041 536 3117 50,
548 3077 574 3122 5.
618 3037 652 3102 in
667 3037 741 3102 loeo
756 3036 903 3102 saltuosa
918 3040 951 3102 et
970 3041 1090 3102 natura
1102 3035 1229 3100 munita
1249 3033 1318 3118 Ing.
1331 3039 1397 3121 54,3
1408 3038 1471 3100 eto.

278 3146 446 3214 Metellum
469 3151 605 3214 omnibus
630 3152 820 3214 contionibus
844 3148 960 3234 eapitis
983 3167 1149 3214 arcessere
1178 3146 1246 3230 Iug.
1270 3151 1353 3234 73‚5.
1398 3167 1471 3211 eon-

282 3263 415 3324 tionibus
437 3258 593 3344 populum
616 3307 639 3324 ..
661 3258 788 3326 hortari
815 3264 865 3342 30,
873 3301 899 3348 3,
944 3264 1002 3326 aut
1023 3257 1210 3325 consulatus
1232 3278 1379 3325 meorum
1399 3278 1471 3324 ma·

276 3371 387 3456 jorum
410 3375 585 3452 ostentare,
617 3375 662 3452 at,
693 3371 722 3436 si
742 3392 796 3438 res
817 3374 970 3457 postulet,
997 3371 1111 3438 hastas
1132 3370 1284 3437 vexillum
1305 3370 1471 3454 phaleras,

280 3483 346 3548 aha
374 3483 531 3550 militaria
560 3483 659 3565 dona,
690 3489 864 3569 praeterea
894 3484 1063 3550 eioatrioes
1091 3490 1223 3550 advorso
1238 3493 1369 3563 pectore
1399 3482 1471 3568 Ing.

280 3601 331 3675 85,
339 3636 380 3682 29.
425 3601 556 3662 adroso
590 3601 676 3674 colle,
710 3595 807 3663 aienti
832 3602 1044 3681 praeceptum
1076 3595 1194 3675 fuerat,
1225 3593 1366 3660 evadunt
1398 3595 1470 3678 lug.

281 3712 364 3794 bag.
409 3707 549 3774 Catilina
575 3729 648 3773 eum
669 3709 814 3775 exercitu
838 3712 986 3790 forratas
1015 3711 1134 3792 urguet
1156 3705 1224 3772 Cat.
1246 3711 1296 3788 52,
1304 3747 1345 3794 35.
1398 3727 1472 3774 ver·

279 3818 378 3885 timus
407 3820 502 3901 „sitzt
521 3841 583 3886 uns
605 3841 649 3886 an
671 3819 730 3886 der
748 3819 880 3886 Kehle“.
925 3820 967 3886 ad
990 3818 1132 3886 Siciliam
1160 3839 1298 3904 vergens
1320 3824 1472 3900 faucious

280 3936 357 4012 bris
380 3952 444 3997 non
466 3933 605 4018 amplius
627 3936 720 4017 patet
742 3931 873 3999 milibus
895 3931 1038 4016 quinque
1065 3937 1099 3999 et
1118 3931 1263 4016 trigenta
1283 3929 1323 3997 lr.
1344 3931 1399 3998 IV.
1422 3937 1471 3999 19.

281 4047 428 4110 Eburinis
451 4049 543 4127 supa
573 4043 720 4111 occultus
752 4043 795 4110 ad
823 4044 921 4111 Naris
1005 4045 1154 4130 pervenit
1181 4042 1221 4108 fr.
1250 4041 1305 4108 llI.
1331 4048 1380 4109 67.
1424 4066 1471 4110 se·

280 4161 483 4222 condomare·
505 4154 628 4244 Cyrene
653 4157 760 4243 prima
782 4162 833 4223 est
859 4157 928 4242 lug.
954 4163 1035 4246 19,3.
1084 4154 1279 4221 Conferendi
1308 4160 1384 4222 sunt
1404 4155 1472 4222 looi

281 4267 485 4334 Caesariani:
516 4268 659 4335 seeundo
679 4268 811 4335 flumine
838 4270 902 4335 iter
921 4269 1031 4336 lacere
1058 4267 1134 4336 bell.
1158 4267 1232 4352 gall.
1257 4272 1285 4347 7,
1295 4307 1337 4354 53,
1346 4308 1371 4354 ᾖ.
1411 4268 1471 4334 ad-

279 4399 374 4446 verso
393 4380 525 4446 flumine
547 4381 711 4466 proficisci
730 4381 806 4449 bell.
828 4382 903 4466 gall.
928 4387 957 4463 7,
970 4387 1020 4462 60,
1034 4423 1059 4468 3.
1090 4385 1174 4468 61,3.
1199 4377 1316 4445 othir.
1329 4383 1380 4460 24,
1393 4419 1470 4467 m.

281 4492 401 4578 copias,
431 4490 540 4574 fidem,
574 4493 830 4577 magnitudinem
848 4494 935 4578 regis
958 4493 1009 4560 sui
1035 4496 1069 4558 et
1090 4492 1165 4573 alia,
1190 4511 1274 4576 quae
1295 4491 1390 4556 utilia
1412 4497 1472 4558 aut

279 4603 525 4670 benevolentiae
549 4625 621 4670 esse
644 4604 832 4686 eredebant,
854 4611 993 4671 oratione
1016 4604 1176 4671 extollunt
1197 4605 1266 4686 lug.
1292 4607 1394 4688 103,7.
