3180 5276
778 434 994 495 ..30-

294 639 392 702 quam
414 617 551 702 periculi
572 616 747 684 effecerant
770 618 838 684 Oat.
862 623 945 704 422.
979 617 1052 683 illos
1073 620 1240 684 dubitando
1262 622 1296 684 et
1318 617 1388 683 dies
1405 640 1484 698 prc-

294 737 421 797 latando
442 751 578 814 magnas
599 732 859 815 opportunitates
888 749 1096 814 corrumpere
1121 730 1190 797 (lat.
1212 735 1264 810 43,
1271 771 1296 817 3.
1331 732 1396 816 ipsi
1418 731 1484 796 sin·

294 844 431 927 galatim
452 848 670 909 circumeundo
692 849 792 928 atque
813 847 1002 914 ementiendo
1107 843 1263 910 invidiam
1285 843 1485 924 conflaverat

295 955 363 1021 Oat.
385 961 436 1036 49,
445 996 469 1041 4.
498 954 618 1024 Caesar
646 961 750 1022 dando
777 959 964 1022 eablwando
993 960 1180 1036 ipnoecendo
1205 955 1285 1022 Oato
1314 955 1396 1020 nihil
1419 962 1484 1022 lar·
1579 977 1580 1000 ¹

293 1073 407 1148 piendo
429 1067 566 1152 gloriam
586 1067 725 1153 adeptus
747 1072 797 1134 est
819 1067 888 1139 Oat.
904 1073 987 1155 54‚3.
1010 1089 1050 1134 ea
1072 1067 1484 1134 commemorandomilitum

295 1181 419 1246 animos
442 1179 644 1247 accendebat
660 1179 729 1246 Oat.
745 1185 827 1266 bag.
848 1185 963 1248 contra
984 1185 1158 1261 reputando
1245 1180 1391 1246 invenias
1413 1179 1483 1263 Ing.

297 1298 359 1378 l,2,
387 1312 493 1376 neque
518 1292 608 1358 alind
636 1313 671 1358 se
697 1297 864 1373 fatipandc
903 1293 966 1359 nisi
997 1292 1106 1359 odium
1134 1312 1292 1376 quaerere
1319 1291 1389 1375 lug.
1422 1297 1452 1372 3,
1459 1334 1484 1378 3.
1579 1379 1580 1382 Ἴ

269 1387 272 1391 ¹
293 1409 413 1470 memet
433 1404 576 1472 studium
597 1424 704 1469 meum
728 1411 886 1471 laudando
911 1405 1066 1472 extollere
1091 1407 1160 1489 Ing.
1183 1409 1245 1492 4‚2.
1274 1425 1339 1470 non
1359 1403 1484 1469 medio·
1579 1467 1580 1472 ,

294 1539 382 1582 orem
416 1517 559 1582 animum
586 1522 790 1596 pollicitando
820 1518 1043 1584 accendebant
1070 1519 1137 1601 lug.
1168 1522 1232 1602 8‚1.
1269 1535 1484 1600 quaeeunque

292 1629 420 1714 possint
440 1634 602 1711 lurpiendo
622 1649 741 1714 parare
762 1631 830 1714 Iug.
855 1635 903 1710 13,
915 1672 939 1716 3.
962 1630 1107 1714 singulos
1128 1633 1301 1695 exsenatu
1319 1631 1484 1694 ambiundo

293 1741 482 1808 nitebantur
502 1742 571 1825 Ing.
596 1746 644 1822 13,
652 1783 677 1827 3.
709 1748 812 1808 dando
840 1747 873 1808 et
896 1747 1099 1822 pollicitando
1128 1741 1232 1808 multa
1252 1740 1392 1825 perfecit
1412 1738 1483 1822 lug.

296 1859 345 1934 16,
351 1895 376 1938 3.
405 1874 481 1918 suos
509 1859 663 1920 balando
691 1853 735 1920 ad
753 1855 906 1921 uirtutem
928 1855 1072 1938 arrigere
1094 1854 1163 1938 Ing.
1186 1859 1271 1941 23‚1.
1293 1852 1397 1918 multa
1413 1858 1483 1932 pol·
1579 1865 1580 1948 ξ

292 1971 413 2030 licendo
435 1985 475 2031 ac
495 1971 671 2032 miserando
692 1988 803 2033 casum
830 1988 925 2032 suum
954 1966 1124 2033 confirmat
1144 1965 1213 2050 lug.
1237 1970 1322 2051 23‚2.
1353 1985 1394 2029 ne
1414 1984 1484 2028 am·

292 2077 378 2161 plius
399 2084 547 2143 morando
570 2079 729 2146 Scaurum
841 2079 1029 2146 incenderet
1043 2079 1112 2162 Ing.
1136 2084 1186 2159 25,
1194 2118 1235 2164 10.
1256 2081 1484 2156 interpellando
1578 2061 1580 2094 ¹

294 2211 334 2254 ac
355 2209 453 2273 saepe
474 2196 581 2271 pratia
601 2190 765 2257 interdum
789 2196 910 2272 J‘nrpiir
942 2195 1094 2257 tradendo
1123 2196 1252 2274 tempus
1274 2188 1485 2254 atrocitatem

292 2300 372 2367 iacti
393 2303 560 2369 leniebant
579 2304 648 2387 Ing.
672 2309 754 2390 2⁷³1·
783 2309 816 2368 et
837 2303 936 2370 urbes
963 2303 1090 2387 aliquot
1110 2307 1285 2383 pappando
1306 2301 1394 2384 cepit
1413 2299 1483 2381 Ing.

294 2419 377 2500 28,q¹
415 2437 456 2482 ne
488 2421 676 2498 ipnoecendo
707 2417 801 2483 malis
834 2416 938 2484 bonos
977 2415 1142 2501 perditum
1171 2414 1253 2480 eatis
1282 2413 1351 2496 Ing.
1383 2417 1484 2498 31‚27.

293 2526 376 2592 haec
398 2532 497 2611 atque
520 2529 585 2594 alia
605 2530 740 2614 hujusce
761 2529 849 2595 modi
873 2550 971 2613 saepe
996 2534 1125 2594 dicendo
1215 2511 1393 2612 persuadet
1413 2525 1485 2607 Iug.

296 2644 378 2724 32‚1.
404 2639 448 2705 ad
470 2661 509 2706 ea
530 2641 694 2725 patranda
723 2647 855 2708 senalus
886 2647 1070 2708 anteritate
1092 2640 1172 2706 socii
1191 2657 1373 2722 nomenque
1394 2635 1486 2702 Lati-

293 2773 371 2816 num
401 2756 435 2817 et
464 2772 558 2836 reges
586 2753 672 2820 ultro
703 2753 826 2818 auxilia
854 2759 1003 2820 mittendo
1036 2757 1202 2837 postremo
1232 2751 1335 2816 omnis
1367 2749 1486 2815 civitas

294 2884 419 2928 summo
452 2865 560 2931 studio
590 2865 801 2933 adnitebatur
828 2867 898 2951 Ing.
918 2871 971 2947 43,
978 2906 1003 2951 4.
1035 2866 1083 2931 ita
1098 2869 1293 2945 probibendo
1315 2884 1336 2928 a
1355 2860 1487 2926 delictis

293 2975 398 3060 maga
426 2997 524 3060 quarn
550 2983 735 3045 vindicando
758 2980 936 3045 exercitum
1029 2976 1232 3044 confirmavit
1252 2977 1320 3060 Ing.
1337 2979 1388 3055 45,
1395 3015 1420 3061 3.
1444 2993 1488 3038 ac

213 3095 222 3104 '
293 3088 453 3172 paulatim
489 3097 635 3156 lentando
729 3090 832 3156 multa
862 3095 1038 3170 pollicendo
1081 3088 1259 3175 persuadet
1296 3087 1365 3170 Ing.
1401 3089 1486 3170 46‚4.

287 3205 463 3279 pollicendo
495 3207 664 3268 minitando
691 3206 869 3268 obtestando
897 3202 998 3268 alium
1023 3202 1088 3268 alio
1117 3200 1213 3267 modo
1242 3199 1386 3266 excitare
1413 3197 1487 3280 Ing.

294 3317 379 3397 49‚4.
403 3313 526 3379 eminus
541 3321 716 3396 papnundo
739 3315 880 3381 retinere
901 3316 969 3400 Ing.
1000 3318 1083 3400 5l,5.
1112 3317 1284 3395 formidine
1304 3315 1364 3377 aut
1384 3319 1489 3375 orlen-

295 3430 388 3489 tando
409 3426 556 3510 praemia
579 3425 734 3494 affectare
755 3427 824 3511 Ing.
847 3433 930 3514 66‚1.
962 3427 1071 3493 omnia
1100 3429 1246 3492 tentando
1275 3424 1399 3489 socium
1421 3419 1490 3486 sibi

295 3537 444 3623 adjungit
464 3539 533 3622 lug.
557 3545 639 3626 7⁰³2·
670 3561 710 3606 ne
732 3561 842 3607 moras
864 3545 1012 3623 epitando
1034 3538 1125 3605 aliud
1145 3559 1243 3624 quam
1263 3536 1385 3604 bellum
1402 3535 1490 3600 mel-

293 3651 340 3716 let
362 3651 430 3735 lug.
452 3656 535 3737 81,4.
566 3658 599 3718 et
620 3658 783 3720 ambiundo
813 3674 928 3738 cogere
959 3651 1105 3720 homines
1127 3652 1195 3736 lug.
1219 3655 1301 3737 84,2.
1330 3669 1415 3734 quae
1435 3648 1491 3713 illi

295 3768 416 3840 litteris,
438 3783 478 3830 ea
501 3785 560 3849 ego
582 3771 741 3832 militando
766 3765 865 3831 didici
885 3766 953 3860 Ing.
977 3771 1077 3851 85‚13.
1100 3764 1182 3830 haec
1204 3767 1303 3846 atque
1320 3761 1402 3828 talia
1415 3781 1490 3826 ma·

290 3875 380 3960 jures
402 3877 502 3942 vestri
519 3882 672 3958 saciando
694 3899 794 3963 seque
815 3875 1051 3962 rempublicam
1070 3876 1277 3943 celebravere
1299 3873 1367 3958 Iug.
1384 3878 1436 3953 85,
1442 3913 1490 3959 35.

294 3987 414 4071 partim
436 3993 465 4053 ol
487 3988 554 4054 alia
574 3999 654 4056 metu
677 3996 735 4057 aut
755 3989 903 4075 praemia
932 3995 1113 4056 ostentando
1138 3991 1287 4055 avortere
1308 3986 1378 4069 Ing.
1400 3991 1489 4072 89η.

294 4119 359 4165 neu
380 4105 413 4167 te
436 4105 604 4186 optumum
627 4124 700 4170 cum
720 4102 862 4188 pessimo
885 4102 1027 4169 omnium
1042 4100 1203 4186 Iugurtha
1223 4103 1378 4165 miscendo
1398 4116 1492 4163 com·

294 4211 477 4279 maculares
499 4214 568 4298 lug.
593 4221 697 4303 ¹⁰2sa·
728 4221 762 4282 et
782 4221 969 4297 ipnoecendc
990 4214 1104 4300 populi
1124 4212 1262 4279 Romani
1288 4209 1492 4294 magnitudi-

295 4347 369 4392 nem
390 4327 520 4393 auxisse
543 4327 596 4394 Or.
618 4327 700 4394 Phil.
724 4334 753 4395 c.
775 4326 838 4394 sibi
860 4329 998 4412 quisque
1022 4346 1100 4410 opes
1120 4329 1179 4392 aut
1192 4322 1376 4411 patrocinia
1392 4345 1490 4404 pnoe-

295 4444 393 4505 rendo
425 4440 593 4507 consilium
618 4440 785 4526 publicum
815 4444 1031 4525 corruperunt
1060 4437 1113 4504 Or.
1143 4437 1226 4506 Phil.
1250 4441 1299 4502 16.
1328 4455 1392 4502 neu
1408 4457 1491 4516 pro·

295 4556 431 4618 locandis
459 4558 659 4620 seditionibus
752 4572 811 4618 nos
842 4553 875 4618 in
903 4550 1119 4618 sollicitudine
1148 4550 1289 4618 attineas
1319 4548 1372 4614 Or.
1403 4547 1491 4613 Phil.
