3180 5276
637 471 852 532 ..45-

237 661 391 734 infirmas:
416 652 534 738 quibus
556 673 674 738 eorpus
697 658 788 720 annis
810 658 971 732 infirmnm,
1003 654 1167 737 ingenium
1188 657 1342 732 sapientia

149 773 284 834 validam
307 773 380 833 erat
401 767 469 832 Cat.
494 773 522 846 6,
532 807 558 853 6.

238 884 356 946 inatus·
375 878 437 944 nisi
459 899 526 964 qua
542 883 713 959 paladibus
734 877 822 944 invia
844 876 906 944 fuit
926 876 965 943 fr.
988 877 1012 942 1.
1038 883 1067 944 8.

238 997 421 1074 tonantius:
444 989 593 1058 omnibus
614 994 720 1056 labora
743 995 777 1056 et
798 999 886 1056 aesta
907 988 1071 1073 languidis
1092 990 1161 1073 lug.
1185 995 1236 1069 51,
1242 1029 1267 1075 3.

238 1126 387 1185 maanus·
418 1102 508 1170 haud
536 1123 614 1169 sane
637 1102 810 1187 quisquam
832 1103 955 1167 Romm
987 1107 1101 1167 uirtute
1122 1121 1259 1184 magnus
1280 1099 1344 1166 fuit

151 1217 222 1283 Cat.
245 1221 329 1302 53‚5.
376 1221 489 1282 nirenta
517 1220 622 1296 mapni
652 1215 730 1280 estis
763 1219 796 1280 et
823 1218 960 1293 opulenti
985 1213 1054 1297 Ing.
1082 1218 1181 1298 lim.
1234 1216 1343 1292 auitas

150 1350 212 1414 per
235 1333 361 1395 ceteras
384 1332 496 1411 gentes
518 1331 643 1392 mamati
665 1331 699 1391 et
727 1331 807 1392 oiari
829 1326 908 1391 estis
931 1323 985 1391 Or.
1012 1324 1089 1409 Lep.
1113 1329 1140 1389 1.
1185 1324 1343 1409 Gonjune·

149 1447 222 1507 tum
251 1461 325 1506 eum
357 1441 488 1525 passivo
516 1442 626 1505 tabani
647 1438 785 1522 legimus
817 1437 886 1504 Cat.
911 1443 995 1524 54‚2.
1039 1436 1161 1502 Caesar
1189 1441 1343 1514 boneficiis

150 1575 193 1621 aa
214 1557 399 1618 manicantia
415 1572 552 1636 magnus
566 1549 760 1617 habebatur.
790 1556 863 1628 fieri
884 1548 953 1615 Cat.
968 1555 1051 1635 54‚2.
1080 1553 1259 1629 inmaritata
1281 1554 1343 1614 cia-

150 1688 209 1731 rus
229 1665 318 1730 fieri:
341 1664 396 1730 ille
417 1668 655 1730 mansuetudine
677 1667 712 1728 et
732 1667 946 1728 misericordia
965 1661 1073 1728 clarus
1085 1660 1201 1726 fautus.
1224 1660 1344 1725 etenim

151 1798 249 1843 nemo
271 1782 397 1858 ianaaia
418 1780 596 1841 immortalis
624 1773 731 1840 faetus
755 1779 806 1840 est
826 1775 895 1857 lug.
918 1779 969 1854 85,
977 1813 1018 1859 49.
1061 1778 1222 1852 multisque
1244 1777 1344 1851 sarpi-

151 1893 285 1954 tionibus
306 1888 448 1954 volentia
469 1886 559 1973 plebi
580 1885 732 1952 facturus
755 1885 942 1952 habebatur
963 1885 1002 1950 fr.
1023 1885 1076 1952 IV.
1101 1890 1150 1951 ³1.

238 2005 457 2066 memoriabilis:
485 1998 520 2064 id
541 1998 669 2064 facinus
697 1999 855 2084 imprimis
882 2018 942 2082 ego
962 1996 1173 2063 memorabile
1194 1996 1344 2062 existimo

149 2113 284 2180 sceleris
305 2118 404 2197 atque
426 2111 564 2196 periculi
585 2115 717 2176 novitate
739 2109 807 2176 Cat.
831 2117 860 2191 4,
869 2150 895 2195 4·

238 2231 348 2290 mollis:
371 2245 483 2290 eorum
505 2223 605 2289 animi
626 2221 739 2290 molles
762 2232 863 2289 aetate
887 2228 921 2288 et
944 2220 1024 2287 fluxi
1047 2221 1116 2288 Ost.
1138 2227 1187 2301 14,
1194 2261 1220 2308 ὅ.

239 2341 369 2403 nimias:
390 2341 466 2420 post
486 2336 543 2402 ubi
561 2342 679 2415 fiducia
700 2336 818 2400 nimius
842 2332 880 2399 fr.
904 2335 944 2401 11.
968 2339 1018 2400 93.

240 2459 450 2529 opportunus:
482 2469 567 2532 quae
594 2453 671 2514 airis
695 2453 753 2513 aut
775 2453 841 2512 ioao
862 2467 922 2530 pro
946 2446 1095 2512 hostibus
1118 2452 1152 2512 et
1173 2445 1344 2511 advorsum

150 2581 188 2627 se
211 2561 482 2647 oportunissime
505 2565 599 2626 erant
617 2560 685 2644 Iug.
709 2565 760 2640 88,
771 2600 796 2645 4.

234 2694 412 2752 percarus.-
437 2673 477 2738 iis
505 2678 622 2738 modion
652 2691 782 2756 quoque
811 2676 845 2737 et
876 2674 1017 2751 diiiponti
1039 2674 1168 2750 imperio
1188 2689 1345 2754 percarus

150 2785 218 2852 fuit
238 2784 277 2851 fr.
299 2785 365 2850 lna.
390 2789 439 2851 79.

219 2907 361 2978 potens:
384 2917 444 2962 rex
465 2917 582 2977 panaro
598 2904 688 2978 soma
708 2900 808 2979 atque
831 2899 928 2975 copiis
949 2899 1066 2979 potens
1088 2894 1157 2978 Iug.
1184 2899 1264 2979 14³7·

235 3029 411 3089 praeceps:
436 3029 512 3074 nam
533 3009 638 3074 omnis
661 3029 682 3074 a
704 3014 829 3074 natura
851 3007 940 3073 velut
961 3026 1054 3086 opere
1076 3011 1175 3090 atque
1198 3004 1345 3070 consulto

153 3143 311 3206 praeceps
333 3122 402 3204 lug.
426 3125 509 3208 925.

234 3240 441 3314 praestana:
470 3253 510 3298 ae
538 3232 677 3298 maxime
710 3231 766 3315 qui
793 3236 870 3297 teilo
900 3251 998 3314 saepe
1031 3229 1193 3314 praeclari
1215 3227 1346 3294 fuerant

152 3345 223 3430 lug.
247 3351 329 3431 39,1.

237 3462 423 3538 parantior:
452 3457 500 3522 ita
525 3461 644 3534 fiducia
675 3476 774 3540 quam
795 3459 986 3538 aranmaatis
1010 3455 1216 3540 purgatiores
1239 3452 1346 3518 dimit-

153 3575 270 3636 tantur
290 3569 330 3635 fr.
352 3569 393 3650 11,
416 3575 466 3636 89.

244 3687 385 3748 timidas:
407 3680 540 3748 timidas
561 3686 726 3746 insolentia
747 3680 873 3746 itineris
894 3679 1003 3746 levare
1023 3699 1122 3744 manu
1141 3678 1210 3762 lug.
1234 3683 1316 3764 94‚2.

241 3799 405 3873 trepidas:
429 3793 485 3877 qui
508 3814 619 3859 omnes
641 3791 762 3877 trepidi
783 3797 946 3872 improviso
964 3801 1045 3856 meta
1066 3791 1135 3874 lug.
1158 3796 1242 3877 9⁷2⁶·

243 3916 325 3971 tatas
339 3935 348 3969 .·
372 3905 525 3988 quonism
547 3905 651 3971 omnis
673 3903 794 3989 injuria
815 3910 970 3986 pravitate
988 3903 1089 3970 tutior
1111 3907 1161 3968 est
1183 3901 1236 3968 Or.
1246 3902 1346 3968 Mser.

155 4023 207 4083 13.
230 4024 269 4084 ut
289 4022 364 4082 roais
385 4021 541 4083 laboribus
562 4017 626 4082 tuti
648 4021 757 4082 essent
778 4016 837 4100 Ep.
859 4016 969 4081 Mithr.
994 4019 1043 4080 12.

242 4134 379 4195 validas:
406 4129 572 4213 ingenium
604 4132 758 4208 sapientia
785 4127 927 4193 validum
955 4126 1024 4193 can
1047 4133 1107 4214 ⁶²6·
1156 4125 1258 4191 multo
1280 4147 1349 4190 ma-

150 4242 241 4308 xime
264 4247 388 4322 inponis
411 4240 537 4308 validus
566 4240 634 4324 Iug.
659 4245 720 4325 6,1.
765 4239 813 4304 uti
844 4239 982 4323 quisque
1012 4239 1285 4323 locupletissimus
1314 4242 1348 4302 et

150 4353 545 4434 injuriavalidiorfrd.
571 4357 619 4418 10.
652 4355 784 4418 sanetus
817 4351 899 4418 alias
932 4356 965 4416 et
997 4357 1122 4432 inuenio
1152 4348 1279 4416 validus
1307 4347 1346 4415 f.

149 4469 178 4534 Ι.
203 4469 254 4532 92.
