3180 5276
737 448 951 512 ,73-

337 639 385 699 Ere
406 639 611 719 conjunctum
636 657 708 701 cum
729 635 939 702 substantivis
956 641 1017 701 iter
1040 641 1074 702 et
1089 644 1182 718 sepo,
1205 657 1289 720 quae
1313 638 1437 703 exitum

248 749 343 831 quasi
358 745 549 830 significant,
571 747 696 812 indicat
716 749 823 814 locum
841 769 882 813 ex
905 769 969 832 quo
990 747 1112 832 aliquid
1130 749 1247 832 agitur.
1276 749 1344 816 Nos
1365 771 1437 815 ser-

249 859 347 925 timus
368 858 446 939 „auf
464 859 537 923 dem
553 857 712 940 Marsche,
735 865 926 946 unterwegs,
948 861 1008 926 ant
1018 860 1077 926 der
1090 859 1236 926 Fluoht“.
1263 881 1305 927 ex
1319 863 1439 927 itinere

248 971 412 1056 plerisque
432 969 657 1036 consularibus
679 1021 686 1035 .
706 1021 713 1036 .
731 1021 739 1036 .
760 971 888 1038 litteras
912 973 1013 1038 mittit
1035 972 1103 1038 (lat.
1127 977 1177 1052 34,
1187 1014 1212 1058 2.
1255 979 1438 1039 retractum

248 1104 289 1148 ex
321 1083 438 1147 itinere
459 1103 579 1166 parens
609 1083 721 1148 necari
744 1084 842 1169 jussit
864 1084 933 1150 Cat.
957 1089 1041 1171 39‚5.
1068 1084 1108 1150 of.
1130 1090 1182 1165 48,
1194 1125 1219 1170 3.
1270 1087 1439 1169 cognoscit

247 1194 388 1260 Marium
414 1215 454 1260 ex
481 1195 599 1259 itinere
628 1195 862 1262 frumentatum
892 1217 965 1261 enm
995 1196 1109 1281 paucis
1205 1197 1340 1262 missum
1365 1197 1437 1281 Ing.

249 1311 299 1387 56,
306 1348 331 1393 3.
363 1327 402 1372 ex
425 1306 503 1390 fuga
524 1311 686 1372 retractus
709 1314 781 1373 erat
803 1307 871 1374 Cot.
891 1314 942 1390 47,
950 1349 975 1394 4.
1017 1327 1111 1373 nemo
1134 1309 1276 1373 omnium
1294 1308 1438 1374 Numida

248 1439 289 1484 ex
310 1418 389 1501 fuga
410 1440 520 1503 regem
543 1419 690 1502 seqnitur
711 1420 779 1503 lug.
803 1426 886 1505 54‚4.

333 1531 396 1596 Pro
418 1531 557 1614 genitivo
582 1530 760 1616 subjectiro
780 1531 831 1597 vel
852 1530 1012 1617 objectivo
1033 1532 1237 1615 praepositio
1265 1553 1305 1597 ex
1326 1534 1438 1617 posita

248 1648 298 1708 est
318 1642 475 1708 hislocis:
499 1643 585 1708 iners
603 1643 740 1722 inbellis,
762 1663 867 1728 neque
882 1643 1019 1729 periculi
1034 1665 1140 1727 neque
1156 1644 1279 1709 laboris
1297 1644 1436 1728 patiens,

247 1756 359 1839 lingua
381 1775 478 1837 quam
493 1775 592 1821 manu
606 1757 797 1839 promptior,
813 1762 989 1836 praedator
1014 1777 1055 1821 ex
1069 1761 1161 1820 sociis
1178 1761 1211 1821 et
1225 1757 1296 1841 ispe
1310 1756 1438 1840 praeda

247 1867 390 1933 hostium
411 1867 479 1950 lug.
500 1873 583 1951 44‚1.
628 1866 813 1934 excubitum
834 1867 868 1932 in
892 1873 1005 1950 portas
1037 1873 1171 1933 cohortis
1193 1889 1234 1933 ex
1255 1872 1436 1948 lepiooiboe,

247 2000 307 2064 pro
331 1979 447 2044 castris
470 1984 586 2060 equites
609 1999 649 2044 ex
671 1983 849 2045 auxiliariis
870 1980 1001 2044 mittere
1023 1980 1091 2064 lug.
1117 1985 1220 2065 loo‚4.
1264 2000 1355 2063 spem
1376 1979 1437 2044 bo-

248 2112 324 2155 nam
346 2111 386 2155 ex
407 2090 498 2156 vobis
521 2091 574 2156 Or.
598 2090 679 2156 Mac.
703 2097 732 2156 4.

333 2201 448 2283 Causa,
470 2203 561 2285 origo
584 2208 618 2267 et
637 2202 709 2267 fons
732 2221 858 2286 exque
884 2202 1017 2286 prodire
1046 2202 1170 2286 aliquid
1192 2201 1321 2284 dicitur,
1351 2202 1437 2268 indi-

248 2319 342 2380 catur
363 2314 473 2380 multis
494 2315 574 2379 locis
596 2313 659 2378 hae
679 2315 928 2398 praepositione.
962 2315 1062 2399 igitur
1084 2335 1124 2380 ex
1147 2314 1266 2380 divitus
1284 2314 1438 2400 juventu-

247 2432 314 2493 tem
329 2427 459 2493 luxuria
484 2431 583 2510 atque
604 2426 744 2491 avaritia
834 2427 981 2492 invasere
1002 2427 1072 2492 (lat.
1098 2432 1182 2512 1²³2·
1221 2447 1297 2491 nam
1319 2432 1358 2492 ut
1379 2447 1437 2492 eu-

244 2539 363 2623 jusque
393 2538 536 2604 studium
568 2558 607 2603 ex
636 2542 744 2603 aetate
777 2538 945 2622 flagrabat
969 2545 1017 2619 14,
1026 2579 1050 2624 6.
1094 2538 1213 2604 sodex
1241 2539 1314 2604 aliis
1335 2538 1438 2603 rebus

248 2651 352 2734 magis
374 2670 472 2734 qnam
495 2651 582 2732 qnod
605 2651 756 2732 cuiquam
778 2650 812 2715 id
835 2656 1037 2734 compertum
1058 2650 1144 2715 foret
1165 2650 1247 2715 baec
1269 2649 1358 2714 fama
1379 2671 1439 2716 va·

247 2762 338 2827 lebat
362 2769 443 2847 14‚7.
483 2761 737 2826 satisfactionem
760 2782 800 2827 ex
820 2761 911 2827 nulla
934 2763 1131 2828 conscientia
1152 2781 1337 2847 proponere
1358 2767 1438 2849 353.

248 2874 395 2958 plerique
417 2873 534 2938 Crasso
563 2894 603 2938 ex
625 2874 763 2956 negotiis
793 2874 929 2959 privatis
959 2873 1090 2940 obnoxii
1112 2880 1197 2960 48,5.
1242 2873 1374 2938 Catulus
1397 2895 1441 2940 ex

248 2987 405 3070 petitione
425 2984 633 3070 pontificatus
657 2986 731 3052 odio
753 2986 904 3052 incensus
924 2991 975 3067 49,
985 3027 1010 3072 2.
1048 3008 1089 3052 ex
1111 2984 1303 3052 difficultate
1326 3006 1442 3051 rerum

249 3097 363 3162 eadem
384 3098 442 3162 illa
464 3098 651 3163 existimans
674 3104 759 3186 57‚2.
805 3097 1007 3164 commodum
1030 3117 1070 3164 ex
1092 3100 1158 3165 otio
1180 3119 1252 3165 meo
1274 3123 1372 3185 quam
1397 3123 1443 3168 ex

250 3210 387 3274 aliorum
409 3210 547 3292 negotiis
569 3215 739 3275 venturum
760 3211 829 3294 lug.
848 3217 877 3290 4,
885 3250 909 3295 4.
932 3211 984 3276 cui
1005 3216 1120 3293 postea
1143 3211 1296 3279 Africano
1318 3234 1444 3298 cogno-

248 3341 323 3386 men
347 3342 387 3386 ex
408 3321 528 3386 virtute
549 3319 612 3386 luit
628 3321 695 3404 lug.
720 3328 748 3402 5,
757 3362 782 3407 4.
834 3343 971 3406 quorum
999 3323 1138 3388 alterum
1170 3345 1210 3389 ex
1232 3323 1446 3409 providentia

248 3433 413 3513 timorem,
442 3431 580 3498 alterum
611 3453 651 3497 ex
681 3434 819 3499 audacia
848 3435 1066 3500 temeritatem
1096 3433 1214 3501 afferre
1244 3436 1445 3521 plerumque

251 3544 333 3610 solet
355 3551 417 3631 7‚5.
454 3564 563 3629 pax..
585 3565 625 3610 ex
646 3565 712 3629 qua
733 3546 777 3611 ad
798 3547 989 3631 Iugurtham
1012 3547 1169 3613 scelerum
1191 3548 1367 3632 impunitas

249 3657 456 3740 pervenerint
476 3657 544 3740 lug.
568 3663 667 3744 3l,19.
714 3679 754 3724 ex
777 3659 975 3725 conscientia
999 3658 1168 3724 diffidenti.
1191 3665 1276 3748 325.
1330 3665 1447 3747 magis

250 3790 290 3834 ex
312 3788 416 3851 aequo
435 3767 586 3852 bonoque
607 3791 705 3853 quam
727 3791 768 3835 ex
783 3771 858 3857 jure
880 3772 1024 3856 gentium
1115 3770 1154 3836 lit
1175 3793 1251 3838 reus
1275 3779 1355 3859 35η.
1396 3795 1450 3842 ex

251 3881 369 3945 delicto
390 3880 504 3946 fratris
516 3881 670 3947 invidiam
744 3883 861 3948 timens
884 3889 933 3964 39,
943 3925 967 3970 2.
996 3883 1144 3966 quaestio
1162 3886 1307 3951 exercita
1319 3906 1449 3970 aspere

250 3991 471 4075 violenterque
487 4014 528 4059 ex
549 4015 679 4060 rumore
702 3998 735 4059 et
754 3993 889 4062 libidine
910 3995 1015 4080 plebis
1037 4002 1087 4076 40,
1094 4035 1120 4081 ὅ.
1151 4017 1192 4062 ex
1213 3997 1363 4063 secundis
1383 4019 1451 4066 re—

250 4103 312 4170 bus
334 4103 506 4171 insolentia
535 4111 667 4190 ceperat
689 4113 775 4194 4⁰25·
818 4108 892 4192 plus
914 4126 955 4173 ex
981 4107 1075 4174 malis
1104 4108 1249 4175 moribus
1279 4109 1452 4178 sollicitu-

251 4215 335 4281 dinis
360 4235 458 4300 quam
480 4237 521 4282 ex
542 4217 637 4301 eopia
657 4218 796 4284 militum
818 4219 932 4285 auxilii
960 4226 1018 4286 ant
1038 4220 1108 4304 spei
1128 4218 1234 4286 bonae
1257 4221 1454 4292 accedebat

251 4333 302 4408 44,
313 4369 338 4414 2.
381 4328 416 4393 in
440 4349 530 4414 spem
552 4330 707 4396 victoriae
737 4331 898 4398 adductus
919 4353 960 4398 ex
989 4331 1233 4419 opportunitate
1262 4333 1326 4399 loci
1347 4339 1402 4416 48,
1416 4379 1453 4424 2.

250 4439 372 4505 veritus
395 4442 532 4506 exenni
552 4448 699 4526 tempore
722 4449 756 4510 et
775 4445 887 4528 inopia
907 4464 1013 4530 aquae
1038 4451 1121 4532 5οη.
1165 4443 1372 4529 magnifieum
1395 4469 1457 4518 ex

250 4551 325 4615 Auli
353 4553 502 4618 socordia
532 4561 614 4639 bess,
666 4576 706 4620 ex
737 4556 824 4621 mala
851 4557 1049 4623 conscientia
1077 4558 1176 4642 digna
1201 4559 1317 4623 timere
1347 4563 1402 4640 62,
1418 4603 1455 4650 3.
