3180 5276
658 457 868 517 ...51-

166 641 275 706 misit?
303 641 362 725 Ep.
383 641 492 724 Pomp.
516 647 544 708 2.
589 643 651 706 vim
681 647 829 706 cunctam
859 647 892 706 et
922 642 1059 724 imperia
1093 663 1152 708 sua
1172 647 1278 722 pretio
1298 647 1356 708 aut

165 774 222 832 spe
243 759 301 818 aut
315 759 468 832 praemiis
489 757 523 819 in
544 776 601 819 vos
625 759 812 820 convertere
834 755 887 819 Or.
911 755 1010 819 Macr.
1033 761 1060 820 5.

253 871 371 931 taedio:
407 888 480 932 cum
501 867 598 933 modo
629 873 731 933 toedio
760 889 869 932 rerum
899 866 1110 933 adversarum
1140 866 1248 932 omnia
1269 866 1355 932 bello

165 978 296 1062 potiora
318 977 453 1045 duceret
472 981 540 1064 lug.
566 985 651 1065 619.

252 1092 428 1156 Praeterea
455 1091 579 1158 inveni:
618 1093 695 1176 quia
723 1097 829 1172 iuopia
860 1093 966 1158 minus
994 1091 1108 1175 largiri
1136 1095 1268 1176 poterat
1287 1091 1355 1156 Cat.

165 1208 253 1289 23‚3.
288 1225 330 1268 an
352 1208 515 1270 mobilitate
544 1204 653 1288 ingeni
682 1225 796 1289 pacem
821 1209 920 1288 etque
949 1205 1070 1271 bellum
1091 1208 1219 1269 mutare
1241 1203 1356 1269 solitus

163 1316 233 1398 Ing.
257 1321 339 1400 88,6.
372 1316 519 1399 prolecto
543 1315 786 1383 existumabunt
807 1337 857 1382 me
878 1318 982 1402 magis
1010 1317 1126 1383 merito
1149 1321 1355 1400 1111111911-

165 1434 215 1494 111
250 1429 404 1512 judicium
433 1430 532 1500 animi
562 1429 625 1494 mei
654 1430 830 1496 mutavisse
861 1431 931 1512 Ing.
955 1437 1020 1515 4,4.
1065 1451 1131 1512 qua
1158 1449 1222 1492 non
1252 1427 1356 1510 gloria

164 1541 336 1605 movemini
363 1561 468 1624 neque
490 1541 615 1624 flagitio
638 1546 820 1625 cunctaque
839 1548 1002 1621 praesenti
1025 1547 1150 1622 ipnooiu
1172 1541 1356 1605 mutavistis

166 1654 219 1718 Or.
238 1652 340 1718 Maur.
356 1657 406 1718 26.
439 1653 497 1718 sed
518 1654 576 1718 ubi
598 1659 730 1719 senatus
754 1660 857 1720 delicti
877 1659 1064 1720 conscientie
1086 1653 1240 1738 populum
1263 1653 1358 1716 timet

164 1766 233 1848 Ing.
249 1770 331 1851 27,3.
354 1765 474 1830 milites
496 1771 647 1846 reiipione
668 1766 779 1850 pluvia
801 1767 905 1850 magis
926 1768 977 1832 usi
1000 1767 1070 1849 Iup·
1083 1773 1163 1850 75,9.
1191 1765 1238 1830 ita
1261 1785 1356 1829 cunc-

164 1881 217 1942 tos
239 1884 371 1957 strepitu
394 1885 536 1954 clamore,
567 1879 656 1944 nullo
687 1877 896 1944 subveniente
918 1878 1040 1944 nostris
1069 1876 1275 1956 instantibus,
1310 1886 1356 1940 tu-

165 1997 260 2054 multu
277 1995 447 2070 formidine
470 1991 563 2073 quasi
594 1990 746 2055 vecordia
769 1995 902 2074 ceperat
930 1990 999 2074 Ing.
1021 1995 1106 2076 99‚3.
1139 1989 1266 2072 vigilias
1286 1989 1356 2072 ipse

166 2102 346 2182 circumire,
375 2123 439 2168 non
466 2107 535 2167 tam
558 2107 731 2183 diffidentia
752 2101 865 2167 futura
885 2123 969 2187 quae
991 2102 1225 2186 imperavisset,
1258 2121 1356 2184 quam

164 2215 213 2279 uti
238 2215 396 2279 militibus
422 2219 622 2297 exaequatus
729 2214 824 2280 labor
847 2269 854 2284 .
875 2265 881 2279 .
906 2219 992 2280 esset
1022 2215 1090 2298 lug.
1116 2219 1220 2300 100‚4.
1266 2234 1356 2278 nam·

166 2347 229 2408 que
259 2326 315 2391 alii
341 2333 458 2405 fiducia
480 2326 653 2409 gnaritatis
682 2327 828 2392 locorum
852 2327 1014 2394 occultam
1044 2327 1157 2410 fugam
1185 2326 1291 2409 sparsi
1316 2324 1355 2390 f.

165 2440 220 2503 III.
252 2445 301 2504 18.
347 2440 500 2522 quoniam
530 2444 703 2520 defectione
732 2439 893 2506 sociorum
927 2444 960 2504 et
995 2438 1120 2504 Sertori
1148 2459 1208 2522 per
1237 2438 1356 2502 montis

160 2558 243 2632 supe
266 2571 371 2634 neque
391 2573 490 2616 mann
512 2556 639 2617 certare
660 2557 798 2636 possunt
819 2571 924 2636 neque
947 2552 1042 2617 utilia
1062 2571 1182 2635 parare
1205 2548 1259 2616 Or.
1272 2549 1354 2614 coo.

166 2668 194 2728 6.
240 2683 380 2728 sermone
408 2663 573 2729 tantorum
600 2664 736 2730 similem
764 2664 834 2730 fore
866 2685 901 2730 ee
934 2663 1069 2729 credens
1101 2662 1287 2728 Alexandro
1316 2661 1355 2726 f.

164 2775 273 2840 111.7.
319 2795 402 2859 quae
428 2797 558 2842 comesa
586 2797 644 2842 ora
673 2776 838 2843 hominnm
868 2776 971 2842 rictus
994 2781 1100 2842 dolore
1129 2774 1292 2840 contrahit
1315 2772 1355 2839 fr.

163 2886 205 2951 ΙΙ.
230 2891 259 2952 2.

251 2999 301 3064 Ex
322 2999 452 3083 passivo
479 3000 623 3084 pendent
648 3001 682 3066 hi
718 3000 874 3066 ablativi:
921 3001 944 3065 ii
967 3000 1018 3066 vel
1041 3010 1142 3066 aetate
1174 3000 1225 3066 vol
1257 3019 1356 3066 curae

163 3115 363 3177 similitudine
383 3118 495 3196 patres
521 3113 772 3197 appellabantur
796 3112 866 3178 cat.
890 3118 918 3194 6,
927 3155 951 3200 6.
996 3133 1060 3177 111
1077 3117 1216 3192 penurie
1237 3111 1356 3177 libero-

162 3245 238 3288 rum
260 3224 294 3288 in
316 3245 450 3307 regnum
473 3225 665 3309 adoptatum
690 3247 762 3292 esse
793 3225 862 3310 Iug.
887 3231 969 3312 222.
997 3231 1136 3306 penurie
1165 3245 1274 3290 rerum
1300 3245 1356 3289 ne·

163 3337 384 3400 cessariarum
405 3335 527 3401 bellum
556 3336 645 3402 trahi
677 3357 741 3402 non
763 3358 859 3422 posse
880 3338 949 3422 Iug.
972 3343 1053 3424 23‚2.
1089 3338 1240 3421 quoniam
1266 3337 1355 3402 111111·

160 3447 263 3513 tionis
285 3469 372 3512 inore
394 3447 544 3514 induciae
568 3449 779 3533 agitabantur
800 3449 869 3534 Iug.
891 3455 974 3536 29‚4.
997 3455 1030 3515 et
1051 3454 1180 3515 saeuitia
1198 3449 1355 3534 temporis

161 3565 199 3624 11
221 3566 429 3639 oportunitate
450 3561 514 3626 loci
535 3581 641 3645 neque
664 3562 737 3647 capi
759 3583 864 3646 neque
882 3562 1025 3628 obsideri
1039 3567 1170 3647 poterat
1191 3562 1259 3645 lug.
1272 3569 1354 3648 3234.

157 3672 318 3758 planities
342 3671 472 3738 deserta
488 3678 624 3753 penurie
646 3695 751 3758 aquae
774 3676 842 3758 lug.
859 3681 910 3755 48,
919 3716 944 3760 4.
967 3680 1001 3741 11
1022 3695 1126 3759 paene
1147 3679 1355 3754 imprudentia

161 3785 346 3850 admissum
376 3783 502 3851 facinus
536 3785 721 3852 miserabile
742 3786 810 3870 Ing.
835 3793 917 3873 53η.
960 3787 995 3852 id
1016 3786 1140 3852 factum
1163 3786 1219 3852 alii
1249 3792 1355 3866 inopie

155 3899 326 3963 bonorum
354 3896 410 3962 alii
432 3919 491 3982 per
515 3897 724 3964 ambitionem
757 3900 897 3964 consulis
919 3897 1144 3964 memorabant
1172 3899 1241 3983 lug.
1265 3904 1315 3979 86,
1326 3905 1353 3964 3.

155 4010 196 4076 id
221 4009 349 4074 facinus
380 4015 494 4074 contra
514 4011 567 4095 jus
593 4009 672 4076 belli
700 4033 764 4078 non
786 4016 918 4076 oceritio
939 4031 1043 4094 neque
1066 4017 1183 4075 scetere
1214 4011 1354 4075 consulis

157 4121 346 4188 admissum
368 4122 439 4204 Iug.
460 4128 544 4208 91η.
588 4144 653 4187 111
672 4145 730 4188 suo
752 4129 878 4204 ipnooio
898 4123 956 4189 sed
978 4123 1019 4188 ob
1042 4145 1111 4188 rem
1134 4122 1298 4207 publicam
1321 4124 1354 4187 in

152 4235 307 4301 hostium
335 4238 499 4317 potestate
534 4235 684 4300 relictum
720 4235 761 4300 iri
788 4237 858 4320 lug.
885 4241 953 4315 112,
961 4277 986 4322 3.
1039 4236 1184 4300 locorum
1219 4245 1355 4316 epestute

151 4351 260 4431 rapto
284 4346 392 4411 vivere
414 4346 520 4412 coacti
542 4346 582 4412 fr.
605 4348 660 4412 111.
685 4351 734 4414 52.

250 4459 356 4523 Notae
386 4458 546 4524 formulae
577 4464 653 4524 sunt
684 4480 729 4524 eo.
761 4480 935 4538 eoquo-eo
957 4459 1012 4537 fit,
1041 4463 1155 4537 rut-eo,
1187 4460 1354 4542 quia-qua

148 4596 194 4640 re
221 4576 283 4637 etc.

1108 4676 1147 4730 4*
