3180 5276
751 457 965 516 ..94-

263 640 384 706 bantur
412 640 480 722 lug.
512 645 615 725 1036.
646 640 728 718 „alle
751 639 941 705 Gesohenke
973 639 1106 704 wurden
1140 639 1188 703 als
1220 639 1363 704 Beweise
1396 662 1459 705 ron

265 753 350 818 Giite
373 753 585 835 angesehen.“
608 790 651 802 -
673 773 738 816 non
759 757 791 815 ia
812 773 873 818 uno
897 752 1006 816 cuncti
1027 751 1192 834 praesidia
1208 751 1383 818 habebatis
1404 752 1458 818 Or.

263 865 363 930 Maor.
388 871 437 930 24.
464 903 508 912 —
538 869 570 929 io
601 869 705 930 liberis
732 869 878 930 custodiis
903 863 1020 930 haberi
1049 863 1170 946 legitur
1201 865 1269 928 Cat.
1299 870 1387 949 47,3.
1419 865 1458 929 of.

265 977 334 1042 Cat.
358 983 407 1056 50,
415 1018 439 1062 4·
470 982 502 1040 in
534 982 680 1041 custodiis
705 974 821 1042 teneri.
852 975 919 1040 Cat.
945 981 1043 1060 52‚14.
1078 976 1112 1040 iu
1142 975 1297 1040 custodiis
1330 975 1458 1042 haberi.

265 1089 333 1154 Cat.
360 1094 460 1174 51,43.
483 1089 517 1152 iu
538 1088 674 1153 vinculis
695 1088 820 1154 haberi.
843 1089 911 1171 lug.
936 1093 1018 1172 64,5.
1040 1089 1074 1151 in
1096 1088 1219 1152 eatenis
1240 1086 1365 1152 haberi.
1386 1127 1433 1138 —

349 1204 387 1263 Ia
418 1205 517 1265 animo
545 1199 683 1264 habere:
722 1199 875 1280 „Denkeu
914 1221 956 1264 an
990 1204 1108 1264 etwas“
1137 1199 1245 1264 inveni
1273 1199 1342 1282 Iug.
1373 1205 1460 1286 24‚2.

265 1333 361 1396 quem
383 1316 478 1377 tanta
498 1311 600 1377 libido
623 1311 832 1395 extinguendi
853 1332 905 1376 me
927 1311 1056 1391 invasit,
1089 1316 1126 1376 ut
1147 1331 1252 1394 neque
1272 1332 1329 1376 vos
1350 1333 1458 1394 neque

265 1425 342 1489 deos
364 1424 563 1488 immortales
593 1425 627 1487 in
651 1424 759 1489 animo
781 1423 911 1489 habeat.
935 1423 988 1487 Or.
1013 1423 1095 1488 Cott.
1122 1428 1169 1486 12.
1205 1429 1331 1488 tautum
1360 1425 1458 1488 modo

264 1541 428 1601 loommin
457 1535 613 1601 habetote
643 1556 706 1600 non
736 1557 787 1600 me
816 1535 857 1600 ob
887 1536 992 1600 scelus
1024 1540 1082 1600 aut
1111 1536 1282 1600 avaritiam
1317 1556 1457 1600 caesum.

264 1649 302 1713 Iu
324 1649 432 1713 animo
454 1653 587 1713 haerere
607 1646 727 1731 legitur
748 1648 816 1730 lug.
839 1652 925 1732 28‚1.
949 1648 1058 1712 omnia
1079 1667 1217 1712 vaenum
1238 1648 1287 1712 ire
1307 1653 1339 1711 in
1357 1654 1458 1712 altimo

265 1760 427 1826 haeserat.

280 1914 282 1918 ι
351 1877 486 1937 Patare.-
517 1875 653 1952 „setzen
682 1870 803 1951 holten,
833 1871 991 1954 glaubeu“
1022 1871 1107 1954 regit
1126 1876 1158 1936 in
1183 1871 1458 1955 praepositionem

267 2005 340 2048 oum
359 1983 502 2048 ablativo
526 1984 729 2068 conjunctam
753 1984 821 2048 Cat.
834 1989 895 2068 2‚2.
917 1983 1091 2047 maximam
1115 1981 1250 2065 gloriam
1273 1989 1459 2049 tumaxime

265 2101 393 2174 imperio
416 2100 542 2179 putare.
565 2094 738 2180 Cat.19‚2.
761 2095 838 2159 boni
861 2094 1043 2178 complures
1065 2095 1262 2178 praesidium
1286 2101 1319 2158 ia
1343 2117 1378 2159 eo
1398 2118 1458 2179 pu·

264 2206 389 2272 tabant.
406 2207 474 2271 Cat.
493 2211 544 2285 43,
553 2247 577 2290 4·
600 2208 775 2272 maximum
790 2207 910 2272 bonum
927 2212 959 2270 in
973 2213 1130 2272 eeleritate
1143 2212 1269 2290 putare.
1287 2208 1355 2291 lug.
1373 2213 1423 2286 53,
1432 2249 1456 2292 3.

265 2325 298 2383 in
320 2324 490 2398 elephantis
514 2319 669 2384 auxilium
689 2324 815 2401 putare.
836 2357 881 2367 -
903 2319 1110 2384 Badstiibner
1131 2341 1161 2404 p.
1188 2324 1227 2383 33
1250 2319 1335 2382 hane
1353 2325 1458 2383 struo-

265 2438 373 2497 turam
397 2431 439 2496 ad
460 2432 606 2496 Sallustii
625 2431 659 2495 in
680 2431 816 2496 dicendo
838 2430 1033 2497 brevitatem
1055 2431 1171 2496 referri
1190 2431 1267 2510 vult,
1292 2451 1364 2496 oum
1379 2432 1460 2495 dicit

267 2545 421 2609 omissum
464 2565 534 2608 esse
568 2544 704 2609 verbum
741 2565 807 2608 erre
843 2543 895 2608 vel
923 2549 1012 2608 ritum
1042 2565 1120 2608 esse.
1166 2542 1334 2625 Congessit
1358 2543 1458 2624 locos,

266 2656 300 2720 in
323 2656 441 2739 quibus
458 2665 576 2735 putare
597 2657 731 2720 verbum
753 2676 918 2739 nunquam
941 2677 1014 2720 oum
1036 2654 1194 2720 infinitivo
1220 2676 1290 2719 esse
1309 2655 1458 2738 junctum

267 2769 386 2850 legitur
408 2766 448 2832 ef.
469 2767 678 2851 Anmerkung
701 2789 749 2851 pr.
775 2773 824 2832 33.

353 2885 391 2942 Ia
412 2878 612 2963 praepositio
635 2880 790 2945 vertenda
812 2885 862 2944 est
884 2880 990 2963 „quod
1012 2880 1149 2944 attinet“
1179 2880 1245 2944 sive
1268 2884 1459 2962 ‚‚respeotu“

267 2997 367 3072 „bei“,
389 2992 441 3057 his
460 2992 558 3056 loeis:
582 2992 650 3056 Cat.
675 2999 773 3078 51,15.
797 2993 854 3058 sed
874 2992 1021 3076 plerique
1035 2991 1189 3056 mortales
1205 2996 1370 3075 postrema
1392 3013 1460 3056 me·

268 3105 399 3185 minere,
430 3109 463 3169 et
490 3109 522 3168 in
553 3109 722 3170 hominibus
750 3110 850 3184 impiis
881 3104 1011 3169 sceleris
1035 3124 1146 3168 eorum
1174 3102 1266 3168 obliti
1290 3103 1330 3168 de
1352 3125 1460 3187 poena

269 3217 441 3282 disserunt.
470 3217 539 3280 Cat.
563 3223 613 3296 51,
621 3257 661 3302 35.
691 3222 789 3299 atque
819 3216 901 3282 haec
930 3237 990 3298 ego
1025 3237 1089 3281 non
1113 3221 1146 3279 ia
1169 3215 1211 3280 M.
1236 3219 1331 3280 Tullio
1354 3236 1460 3299 neque

269 3329 320 3392 his
348 3328 550 3414 temporibus
582 3349 704 3393 vereor.
733 3329 801 3411 lug.
833 3334 915 3413 73‚4.
944 3333 1088 3394 ceterum
1124 3333 1156 3392 in
1185 3338 1317 3406 utroque
1355 3328 1461 3410 magis

270 3440 379 3506 studia
407 3440 550 3524 partium
581 3460 679 3522 quam
707 3439 794 3505 bona
822 3445 880 3506 aut
910 3440 998 3505 mala
1027 3461 1087 3504 sua
1107 3440 1285 3505 moderata.
1308 3439 1348 3504 fr.
1370 3439 1394 3503 I.
1417 3443 1458 3504 29

269 3573 345 3617 mox
374 3557 468 3617 tanta
496 3551 622 3634 flagitia
650 3558 683 3617 in
713 3558 768 3617 teli
793 3558 859 3618 viro
891 3553 994 3636 pudet
1019 3553 1127 3618 dicere
1148 3553 1187 3616 fr.
1211 3552 1247 3617 V.
1273 3557 1311 3617 1ss
1334 3552 1461 3616 namsi

269 3671 301 3728 ia
325 3669 469 3743 Pompejo
491 3664 569 3746 quid
590 3663 723 3729 humani
745 3665 912 3730 evenisset.

356 3775 600 3860 Praepositione
628 3781 660 3840 in
684 3776 886 3859 significatur
917 3782 997 3843 notio
1030 3775 1081 3841 vel
1111 3781 1244 3842 conditio
1273 3797 1400 3856 rerum,
1425 3778 1461 3840 in

273 3908 370 3970 quam
394 3888 483 3953 aliud
512 3888 589 3971 quid
619 3888 742 3968 incidit,
778 3890 828 3954 vel
849 3889 903 3969 fit,
925 3910 1024 3972 quum
1046 3889 1119 3972 ipsa
1141 3889 1194 3970 fit3
1224 3909 1283 3952 nos
1305 3889 1461 3952 vertimus

271 3998 362 4080 „bei‘
386 4000 437 4064 vel
459 4005 608 4080 „unter“:
631 4005 663 4064 ia
684 4022 797 4082 maone
819 4007 1037 4082 coeterorum
1059 4001 1148 4066 aliud
1173 4001 1229 4065 alii
1256 4006 1376 4066 natura
1397 4001 1462 4064 iter

271 4111 413 4176 ostendit
435 4112 503 4177 Cat.
524 4118 585 4197 2‚9.
604 4113 639 4177 id
662 4119 727 4178 est:
751 4135 850 4196 quum
872 4134 991 4196 magna
1014 4113 1108 4197 eopia
1129 4114 1172 4178 sit
1193 4113 1266 4194 „bei
1290 4113 1349 4177 der
1369 4133 1461 4195 gros·

273 4244 330 4287 sen
351 4223 674 4307 Mannigfaltigkeit“.
697 4246 756 4290 nos
778 4231 810 4289 ia
832 4236 918 4291 tonte
941 4225 1201 4290 doctissimorum
1222 4225 1389 4290 hominum
1410 4245 1461 4289 co·

265 4340 325 4414 pio
346 4334 384 4398 fr.
405 4335 470 4399 Ino.
496 4341 522 4398 1.
546 4336 580 4400 id
602 4336 690 4418 quod
711 4343 744 4400 ia
765 4343 820 4404 teli
839 4359 875 4402 re
898 4337 981 4402 solet
1004 4337 1072 4402 Cat.
1096 4343 1176 4424 30‚2.
1207 4343 1239 4402 in
1263 4344 1318 4402 toli
1337 4360 1374 4404 re
1394 4337 1461 4402 lor-

271 4453 384 4511 tunam
412 4445 490 4511 belli
518 4452 678 4531 temptare
709 4449 824 4514 statuit
855 4450 923 4515 (lat.
953 4455 1002 4530 57,
1010 4491 1035 4542 5.
1070 4450 1157 4532 quod
1189 4455 1222 4513 in
1245 4455 1300 4514 tali
1321 4471 1358 4514 re
1377 4450 1464 4515 solet

271 4559 339 4640 lug.
366 4564 445 4643 1113.
470 4581 573 4642 neque
596 4561 685 4625 illum
709 4567 740 4624 in
764 4573 850 4626 talita
872 4583 908 4625 re
931 4562 1070 4644 gratiam
1092 4568 1150 4627 aut
1163 4563 1350 4626 inimicitias
1369 4585 1462 4627 exer-
