3180 5276
729 417 944 478 ...14-

241 600 436 688 HuJusmodi
458 601 593 668 ablativi
619 599 843 666 oiroumsoribi
858 605 996 686 possunt
1016 601 1180 684 particula
1201 607 1338 685 „quam“
1359 622 1436 667 oon-

238 714 354 800 junota
384 735 458 780 oum
487 717 673 779 nominativo
703 712 756 779 vel
778 716 962 780 accusativo.
1001 712 1436 780 Nominatiuussubaudien·

242 826 303 892 dus
319 831 370 894 est
390 825 441 892 his
463 825 562 892 lonis:
586 824 705 910 quibus
727 824 860 892 divitiae
882 829 959 890 bono
981 830 1167 906 honestoque
1179 831 1319 906 potiores
1342 829 1437 892 erant

241 938 310 1022 Ing.
341 943 384 1024 8„
410 937 529 1022 quibus
549 937 673 1005 bonum
694 942 730 1003 ot
751 957 892 1022 aequum
915 941 1029 1004 divitiis
1051 937 1158 1004 oarius
1181 943 1254 1005 erat
1274 936 1343 1021 lug.
1368 942 1433 1023 15‚3

241 1055 469 1134 nequeamus
491 1050 667 1135 quiequam
683 1069 789 1134 neque
811 1054 919 1116 carias
940 1054 1125 1117 auctoritate
1146 1050 1252 1116 senati
1273 1051 1343 1133 lug·
1367 1054 1433 1136 222

242 1163 348 1248 turpis
375 1161 445 1229 vita
473 1165 601 1244 inlapsa
625 1169 715 1244 foma
731 1166 838 1242 potior
862 1160 926 1227 fut
946 1161 1015 1246 Iug.
1038 1167 1104 1248 etp
1129 1181 1213 1249 quae
1232 1167 1336 1243 potior
1358 1166 1435 1228 bello

243 1273 412 1358 essetlug.
425 1279 488 1360 83„
516 1273 635 1358 quibus
656 1273 715 1340 illa
738 1277 838 1354 opalis
855 1271 1054 1360 jucundiora
1076 1275 1144 1358 Iug.
1169 1278 1249 1361 85‚41
1274 1274 1337 1340 tibi
1357 1295 1435 1341 vero

242 1385 333 1452 nulla
354 1390 556 1467 opportunior
576 1395 684 1452 nostru
706 1391 841 1452 amicitia
862 1385 932 1470 lug.
956 1391 1043 1472 102st
1059 1390 1166 1466 potior
1185 1386 1256 1454 visa
1277 1392 1328 1452 ost
1348 1388 1435 1471 pori·

244 1497 356 1564 oulosa
384 1497 521 1565 libertas
549 1503 648 1579 quieto
683 1503 809 1564 oonsilio
843 1496 897 1563 Or.
919 1499 996 1584 Lep.
1029 1503 1079 1564 26.
1124 1499 1181 1583 qui
1200 1499 1349 1583 profecto
1370 1519 1437 1566 non

244 1615 375 1691 amplios
395 1613 534 1694 possunt
555 1614 707 1676 alimentis
731 1609 874 1676 oaroeris
896 1609 950 1676 Or.
972 1609 1073 1676 Maon.
1097 1616 1147 1677 19.

329 1721 561 1788 Aoousativus:
588 1741 662 1787 oum
683 1721 776 1788 initio
787 1741 852 1787 non
871 1727 1001 1801 amplius
1027 1725 1144 1788 dnobus
1160 1727 1280 1788 nalitus
1301 1722 1436 1788 habuis·
1492 1793 1496 1800 ,

244 1838 296 1899 set
306 1833 376 1901 Cat.
392 1839 458 1920 56‚2
470 1837 748 1914 mortuoraaiorem
755 1833 1001 1917 vitamoxigunt
1013 1834 1083 1916 lug.
1100 1839 1180 1920 14‚15
1198 1839 1299 1900 omnio
1309 1840 1435 1915 potiore

240 1951 305 2024 fide
310 1945 489 2030 Iugurthae
497 1944 633 2012 rebatur
643 1944 712 2030 Iug.
724 1949 790 2032 26,2
798 1944 906 2011 omnia
915 1949 991 2011 bello
998 1945 1128 2029 potiora
1136 1945 1271 2012 duooret
1276 1947 1345 2030 Iug.
1358 1951 1435 2032 629.

332 2056 503 2124 Ablativus
532 2056 732 2142 pronominis
765 2056 894 2123 relativi
916 2057 1131 2142 postponitur,
1160 2057 1218 2125 ubi
1240 2057 1436 2142 comparati·

243 2190 303 2235 vus
324 2171 482 2253 negatur:
514 2189 576 2249 quo
605 2167 744 2254 (soilioet
766 2167 924 2254 amicitia)
948 2169 1037 2253 apud
1060 2171 1204 2236 animum
1225 2191 1333 2236 meum
1354 2169 1436 2235 nihil

244 2285 351 2348 corius
379 2278 486 2347 habeo
512 2279 581 2364 Ing.
608 2284 694 2366 110,3
727 2301 785 2360 quo
806 2299 912 2366 neque
933 2287 1040 2348 melius
1067 2302 1173 2366 neque
1195 2287 1326 2362 amplius
1346 2281 1437 2348 aliud

243 2393 278 2460 in
297 2397 417 2460 natira
435 2391 622 2458 mortalium
643 2391 712 2477 Ing.
738 2396 793 2478 2‚4.

330 2503 396 2570 Ubi
425 2503 642 2588 significatur,
677 2503 821 2590 aliquam
850 2526 919 2572 rem
957 2505 1233 2590 exspectationem
1270 2526 1435 2591 superare,

151 2655 155 2662 1
245 2615 443 2682 adhibentur
464 2615 615 2683 ablativi:

330 2732 492 2809 opinione:
523 2727 611 2812 quod
637 2726 789 2794 Metellus
819 2732 950 2810 amplius
981 2733 1123 2809 opinione
1145 2729 1338 2797 morabatur
1366 2730 1435 2812 Iug.

247 2843 312 2928 535
336 2844 488 2921 opinione,
511 2839 663 2922 Quirites,
687 2845 830 2920 asperius
851 2846 902 2906 est
921 2841 990 2924 lug.
1013 2846 1089 2928 85‚3.

329 2971 405 3032 spe:
433 2957 632 3020 commeatus
661 2973 717 3033 spe
745 2951 883 3038 amplior
902 2952 971 3037 Iug.
1003 2959 1069 3039 ‘itm
1098 2953 1200 3020 multo
1226 2957 1358 3020 celerias
1380 2972 1436 3032 spe

246 3063 448 3131 Mithridatis
470 3063 509 3130 fr.
530 3064 587 3131 Ill.
612 3069 661 3130 12.

331 3197 449 3256 aequo:
470 3175 566 3242 multi
587 3196 643 3242 aas
663 3181 908 3258 pretiosaeque
929 3177 1074 3243 habuere
1096 3177 1165 3243 Cat.
1188 3183 1280 3262 olm.

331 3293 436 3353 modo:
468 3291 635 3368 impensius
656 3294 744 3354 modo
772 3288 898 3372 legatos
927 3288 1091 3374 supplices
1118 3288 1247 3354 mittere
1275 3288 1344 3372 lug.
1367 3293 1434 3375 47‚3

245 3401 412 3478 impensius
433 3405 521 3465 modo
542 3399 640 3466 robus
663 3400 730 3466 suis
753 3399 903 3467 diffidens
924 3401 992 3484 Iug.
1017 3407 1092 3486 75,1.

332 3509 500 3577 Particula
521 3532 620 3595 quam
642 3512 763 3578 omissa
784 3517 835 3579 est
854 3517 930 3598 post
953 3518 1084 3593 amplias
1106 3510 1255 3578 omnibus
1268 3513 1357 3592 loois,
1378 3512 1437 3578 ubi

246 3622 400 3707 exprimit
416 3622 525 3688 looum
545 3623 744 3709 veltempus.
789 3624 929 3710 amplius
942 3647 1004 3691 ano
1021 3630 1073 3692 die
1094 3629 1152 3690 aut
1171 3645 1235 3689 ona
1256 3633 1345 3689 nocte
1366 3643 1435 3688 mo·

245 3737 339 3800 ratus
350 3735 419 3818 lug.
442 3740 505 3822 71,1
530 3755 596 3801 non
618 3736 757 3821 amplius
773 3742 867 3822 patet
886 3741 1006 3803 militas
1029 3737 1171 3821 quinque
1184 3741 1219 3802 et
1239 3736 1375 3820 triginta
1396 3735 1436 3801 11.

246 3846 300 3913 IV.
323 3852 372 3913 19.
417 3847 572 3931 Sequitur
602 3853 815 3916 manatione:
839 3869 904 3915 non
926 3848 1065 3934 amplius
1088 3869 1186 3914 annos
1208 3847 1344 3930 triginta
1366 3845 1436 3912 Cat.

248 3963 314 4043 59p
336 3977 402 4024 non
424 3959 563 4045 amplius
585 3958 674 4026 millo
694 3981 850 4046 passuum
863 3961 1059 4046 abesselug.
1082 3965 1159 4046 68‚3·
1201 3958 1435 4044 Interpositum

247 4069 457 4155 estamplius
477 4071 547 4155 lug.
573 4075 658 4158 loom
685 4092 759 4138 oum
780 4072 867 4138 millo
890 4093 954 4138 non
976 4072 1116 4157 amplius
1137 4072 1311 4156 equitibus.

438 4266 628 4336 ablativus
650 4267 713 4351 qul
735 4269 876 4352 positus
900 4269 956 4336 est
977 4286 1043 4354 pro
1066 4267 1248 4340 Leontino.

333 4404 507 4474 Looativus
528 4405 656 4492 priseae
678 4407 851 4474 latinitatis
880 4407 1000 4476 desinit
1032 4408 1067 4473 in
1091 4409 1111 4474 i.
1136 4407 1305 4493 Significat
1318 4407 1436 4490 locum,

249 4517 283 4581 in
317 4538 382 4602 quo
420 4517 545 4602 aliquid
582 4518 625 4584 sit
659 4524 693 4585 et
719 4523 875 4586 versetur.
926 4519 1072 4585 Looativi
1107 4521 1272 4586 nominum
1305 4519 1436 4586 urbium
