3180 5276
634 461 826 520 ..5-

134 645 175 710 cf.
196 651 304 732 23‚5.13
331 666 352 711 a
374 643 571 728 Carthagine
594 629 675 728 jura
694 647 815 727 petere,
844 645 986 708 testatur
1007 641 1166 723 Kiihuast
1192 643 1319 726 Haupt·

132 758 259 842 punkte
281 758 341 823 der
361 756 574 822 liriauischen
597 757 720 841 Syutax
743 777 774 840 p.
800 761 860 821 186
881 754 904 818 f.
928 753 967 820 cf.
990 754 1137 838 Draeger
1157 776 1190 839 p.
1207 759 1280 822 496.

221 871 294 937 Uno
315 869 389 935 loco
411 869 500 954 apud
516 868 705 935 Sallustium
726 867 888 933 iuvenitur
902 865 1066 932 ablativus
1083 868 1237 951 proprius
1258 889 1323 932 nou

134 983 267 1069 adjecta
298 982 558 1067 praepositione,
592 1002 656 1065 quo
687 990 774 1046 terra
803 980 990 1046 nominatur
1019 1000 1084 1043 nou
1111 985 1205 1045 arba:
1237 980 1324 1063 quod

132 1095 224 1160 haud
246 1093 378 1160 difficile
397 1099 455 1173 est,
478 1095 506 1158 si
527 1098 565 1158 tu
588 1098 823 1174 Mecropcicmic
846 1113 904 1156 uos
927 1095 1073 1156 Armenia
1095 1092 1324 1176 circumgredi-

132 1227 207 1272 mur
229 1207 409 1272 exercitum
428 1206 488 1290 Ep.
503 1204 613 1270 Mithr.
637 1211 694 1285 213
717 1204 802 1269 alliis
815 1203 926 1269 multis
937 1203 1017 1269 locis
1032 1203 1152 1270 omissa
1166 1210 1217 1269 est
1228 1225 1324 1288 prae·

133 1319 264 1404 positio,
286 1317 344 1384 ubi
366 1322 531 1383 terrarum
551 1317 683 1382 nomina
703 1318 876 1401 conjuncta
898 1321 974 1380 sunt
995 1337 1068 1381 cum
1088 1316 1195 1381 verbis
1216 1318 1323 1401 sejun-

132 1431 248 1515 gendi:
272 1437 433 1509 decedere,
458 1435 621 1509 deducere,
638 1435 769 1508 pellere.

222 1549 390 1608 decedere:
423 1546 517 1607 Italia
546 1541 616 1625 Iug.
643 1545 709 1627 28‚2
740 1546 812 1626 359,
839 1546 982 1606 Numidia
1017 1540 1087 1624 Iug.
1119 1545 1184 1626 38‚9
1215 1545 1325 1622 Africa

131 1657 202 1740 Iug.
231 1660 294 1740 20„
321 1658 384 1740 23,1
418 1673 495 1719 nam
524 1655 627 1719 omnis
659 1653 835 1733 exercitus,
868 1653 918 1718 uti
946 1657 1150 1734 convenerat,
1180 1657 1325 1719 Numidia

133 1775 295 1845 deductas,
317 1768 351 1832 in
380 1766 548 1850 provincia
575 1764 743 1830 hiemabat
773 1765 841 1848 lug.
872 1769 939 1850 39,4
962 1769 1106 1846 Bithynia
1134 1765 1244 1850 expuli
1264 1765 1323 1850 llp.

131 1879 245 1945 Mitbr.
270 1884 318 1944 11.
363 1883 473 1960 Africa
499 1877 627 1962 expulsi
652 1877 721 1960 Iug.
750 1883 816 1963 97‚2
841 1897 914 1942 cum
944 1876 1092 1942 omuibus
1109 1878 1211 1962 copiis
1230 1881 1325 1943 Italia

125 1999 222 2074 padre
244 1990 283 2056 f.
305 1991 329 2056 1.
346 1997 395 2057 54.
428 1991 553 2056 Similia
566 1989 895 2074 exemplaeCaeaare
916 1994 1045 2073 sumpta
1067 1989 1164 2055 affert
1179 1990 1323 2056 Fischer.

130 2104 208 2171 bell.
234 2103 292 2168 civ.
325 2109 392 2189 57‚4
426 2101 627 2186 cogebantur
661 2105 798 2185 Corcyra
828 2106 927 2185 atque
959 2105 1140 2168 Acarnania
1167 2102 1324 2187 papulum

132 2222 329 2302 supportare
340 2215 380 2280 cf.
389 2215 438 2280 111
453 2219 517 2300 15,3
531 2235 650 2298 aquam
662 2218 798 2296 Corcyra
806 2212 944 2279 naribus
952 2214 1110 2280 onerariis
1119 2219 1323 2299 supportare.

133 2329 208 2394 bell.
222 2328 305 2393 alex.
323 2333 386 2413 25,1
403 2333 497 2408 Syria
513 2329 688 2407 Ciliciaque.
711 2325 821 2391 Livius
831 2325 1022 2410 plerumque
1035 2331 1175 2411 usurpat
1184 2347 1324 2411 praepo·

133 2442 283 2506 sitionem
314 2460 365 2516 ecc,
392 2440 483 2504 deest
512 2439 601 2523 apud
623 2437 758 2504 verbum
780 2436 937 2503 decedere
959 2443 1067 2524 32‚35‚9
1103 2443 1238 2503 Phocide
1266 2443 1323 2502 Lo-

132 2557 230 2618 cride.
261 2558 343 2638 35,13
385 2550 543 2617 decedere
574 2559 638 2616 iota
676 2554 818 2615 Graecia.
858 2555 967 2637 32,34‚4
1006 2556 1117 2616 decedi
1159 2550 1327 2616 Graeciacf

132 2665 284 2731 Kiihuast
305 2685 336 2748 p.
361 2670 431 2730 187.

220 2777 390 2842 Ablativus
417 2797 514 2842 verus
543 2776 680 2842 nominis
709 2776 900 2860 appellativi
931 2781 1036 2842 domas
1062 2777 1225 2842 iuvenitur
1248 2798 1323 2841 con·

126 2892 263 2976 junctus
292 2911 365 2954 cum
387 2889 495 2954 verbis
523 2894 678 2954 morendi:
713 2895 799 2954 domo
822 2888 993 2973 expulerat
1016 2889 1085 2954 aaa.
1112 2895 1178 2975 37,5
1216 2911 1323 2972 egres-

131 3026 188 3069 sus
210 3004 279 3068 (iat.
302 3008 370 3087 46‚4
389 3001 553 3087 proficisci
574 3002 643 3085 Iug.
670 3006 738 3086 79,4
767 3001 893 3084 digredi
922 3002 990 3084 lug.
1021 3008 1096 3087 iila.
1152 3001 1323 3085 Praeposi-

130 3117 254 3181 tiouem
285 3120 334 3192 cb,
366 3135 463 3199 quam
496 3114 606 3179 Livius
632 3112 767 3179 adhibet
788 3121 875 3201 &aaa
908 3113 1012 3180 classe
1039 3135 1104 3199 qua
1131 3115 1259 3181 advecti
1281 3116 1323 3181 ab

130 3228 228 3294 domo
242 3227 373 3292 fueraut
394 3234 481 3313 9,22,2
505 3226 618 3291 accitis
634 3226 676 3292 ab
698 3226 793 3291 domo
814 3226 906 3291 noris
929 3226 1087 3293 militibus
1111 3228 1150 3293 cf.
1177 3227 1324 3310 Draeger

129 3364 163 3426 p.
187 3346 250 3406 498
272 3360 336 3404 non
358 3339 475 3420 iuveni,
497 3339 560 3404 uisi
583 3339 788 3423 conjunctam
811 3359 884 3405 cum
895 3339 1028 3423 procul:
1042 3347 1160 3418 procat
1176 3344 1213 3404 ab
1238 3345 1323 3405 dorae

130 3453 191 3538 Ep.
214 3451 324 3516 Mitbr.
349 3457 398 3517 16.
443 3451 613 3516 Ablativus
634 3457 723 3516 bama
745 3451 933 3536 exstatlug.
962 3458 1027 3538 79,6
1052 3456 1167 3517 ventus
1191 3458 1321 3517 coortus

130 3587 266 3632 arenam
297 3570 386 3629 lamo
420 3563 583 3643 excitavit,
612 3584 689 3628 rare
710 3584 775 3628 nou
806 3564 922 3644 inveni,
953 3564 1012 3629 sed
1036 3571 1140 3630 caelo:
1162 3565 1231 3647 lug.
1257 3571 1321 3651 75‚7

128 3683 226 3744 tanta
252 3680 387 3760 repente
418 3668 503 3741 caclo
524 3675 624 3741 missa
646 3676 694 3741 vis
718 3696 824 3759 aquae
842 3675 962 3740 dieitur
983 3676 1023 3742 cf.
1049 3675 1160 3760 Vergil
1179 3678 1236 3741 ecl.
1261 3684 1321 3764 ssrss

129 3797 248 3856 cadere
269 3793 408 3854 nubibas.
444 3787 552 3853 Tibull
574 3793 642 3874 ΒΜ
668 3809 796 3853 manare
811 3792 950 3854 cabitur.
976 3770 1105 3853 'Horae
1122 3789 1189 3853 Sat.
1202 3790 1236 3868 1.,
1261 3796 1322 3855 114

129 3906 312 3967 carceribus
343 3900 438 3964 mitti.
482 3904 546 3965 Lir.
569 3900 593 3964 l.
620 3905 685 3986 31,2
716 3900 862 3965 cecidere
892 3905 978 3966 caelo
1005 3899 1133 3984 lapides
1156 3899 1196 3966 cf.
1220 3907 1321 3986 22‚1‚9.

217 4013 332 4095 Neque
346 4012 473 4091 mirum,
492 4011 519 4076 si
531 4011 641 4092 verba,
665 4011 782 4094 quibus
797 4013 882 4078 inest
894 4012 985 4077 notio
995 4018 1145 4091 pellendi,
1173 4019 1321 4090 morendi,

129 4129 317 4200 abstinendi,
348 4124 588 4208 conjunguntur
616 4145 689 4188 cum
712 4123 854 4189 ablativo
889 4124 975 4204 solo,
1008 4145 1085 4189 nam
1114 4146 1242 4208 semper
1273 4126 1322 4188 in-

127 4243 337 4320 terrogamus
358 4233 492 4316 „undet
535 4236 652 4318 ltaque
673 4235 736 4300 hoe
756 4236 828 4301 loco
845 4235 1070 4302 disserendum
1093 4242 1143 4301 est
1167 4237 1206 4301 de
1230 4237 1321 4301 abla-

128 4349 208 4428 tivo,
231 4369 327 4430 quem
350 4348 554 4431 grammatici
575 4347 666 4414 dicut
686 4354 903 4428 separationis,
949 4348 1147 4433 Gonjuuctus
1178 4354 1228 4413 est
1253 4348 1321 4432 ple-

128 4481 268 4543 rumque
292 4481 364 4524 cum
379 4459 487 4525 verbis
509 4460 704 4544 compositis.
749 4461 859 4526 Verba
882 4459 1042 4543 simplicia
1066 4461 1174 4527 inveni
1197 4467 1320 4538 cedere,

127 4593 259 4648 movere,
275 4577 406 4651 pellere,
427 4577 540 4638 levare.
