3180 5276
626 426 841 486 ..95-

20 667 22 694 ,
142 629 210 674 cere
233 609 302 674 Cat
331 614 428 694 tine.
452 607 576 674 scilieet
598 614 636 674 ut
653 615 685 674 in
708 619 794 674 tanta
811 631 848 674 re
869 611 1002 692 ignarus
1018 611 1160 676 omnium
1175 611 1327 694 trepidet,

20 721 21 770 ἶ
141 721 270 786 festinet
292 721 361 804 lug.
382 726 482 806 85‚10.
504 725 604 804 atque
627 742 738 786 omnes
759 727 845 786 utin
869 728 1063 787 secundare
1088 723 1213 806 pariter
1235 744 1327 788 acres

20 879 22 914 .
139 834 294 899 invadunt
315 834 354 898 fr.
365 834 419 898 IV.
438 840 488 899 44.
510 834 558 898 uti
581 833 664 898 solet
685 839 717 898 in
743 839 887 898 extremis
911 839 1003 900 rebus
1026 834 1064 899 fr.
1087 835 1142 900 III.
1167 841 1216 900 73.
1240 836 1327 918 quod

20 933 21 940 ἵ
138 947 327 1030 plerumque
355 951 388 1010 in
423 951 523 1012 atroci
550 951 671 1025 neuntio
700 944 783 1011 solet
804 945 872 1011 Cat
896 951 979 1031 29‚2.
1003 946 1091 1028 quod
1117 953 1148 1011 in
1166 954 1328 1027 plerisque

20 1039 21 1100 Ῑ
138 1065 265 1139 nequitis
289 1058 373 1124 solet
399 1059 467 1141 lug.
492 1064 574 1142 25‚3.
605 1057 662 1122 sed
692 1057 769 1140 quia
797 1058 900 1123 levius
931 1063 995 1137 est,
1030 1060 1086 1140 qui
1115 1060 1265 1124 convenit
1294 1065 1326 1124 tn

20 1171 22 1232 ὲ
137 1177 252 1236 minore
281 1176 403 1250 neuntio
431 1171 537 1253 legem
564 1170 696 1250 timere,
727 1191 800 1234 oum
833 1191 906 1234 eam
936 1175 968 1234 in
997 1177 1118 1250 majore
1146 1171 1327 1254 neglegetis

20 1273 22 1286 ’
138 1283 203 1348 Cat.
228 1288 327 1370 51,24.
357 1303 463 1366 neque
480 1287 513 1345 in
537 1303 571 1347 eo
594 1287 662 1346 tam
682 1303 794 1360 aspero
816 1286 937 1362 neuntio
959 1283 1083 1347 Marius
1112 1284 1247 1348 territus
1270 1288 1328 1348 aut

137 1396 239 1478 magis
262 1415 359 1479 quam
383 1400 481 1460 antea
503 1393 642 1459 demisso
673 1394 780 1458 animo
801 1393 864 1459 fuit
884 1395 952 1477 Iug.
974 1399 1057 1480 98η.
1087 1399 1124 1460 ut
1146 1401 1179 1460 in
1203 1405 1325 1462 terrore

20 1569 21 1586 ,
137 1508 218 1572 solet
239 1509 278 1572 ir.
302 1507 326 1571 I.
352 1513 393 1572 74
423 1508 472 1572 uti
494 1512 525 1570 in
550 1512 604 1572 tali
626 1511 747 1586 neuntio
774 1506 842 1588 lug.
867 1512 969 1592 107,6.
1001 1507 1133 1590 egregia
1161 1513 1219 1572 tua
1244 1507 1325 1572 fides

136 1641 171 1683 re
193 1619 332 1702 cognita,
355 1625 451 1702 grata
473 1619 552 1686 mihi
572 1623 604 1682 in
626 1622 746 1698 mannis
767 1623 842 1682 meis
857 1623 1010 1697 perieulis
1031 1617 1099 1684 Cat.
1123 1624 1205 1705 35,1.
1227 1619 1326 1699 facto,

20 1807 21 1816 ἵ
136 1752 199 1796 uon
222 1731 370 1797 consulto
392 1737 424 1794 in
452 1737 506 1796 tali
521 1735 665 1810 periculo
688 1751 769 1814 opus
792 1751 863 1795 esse
884 1731 952 1795 Cat.
975 1736 1048 1816 43‚3
1073 1731 1129 1815 qui
1151 1730 1236 1795 hanc
1256 1751 1325 1796 rem

136 1843 299 1926 publiuam
328 1863 426 1927 saepe
455 1848 486 1907 tn
516 1847 657 1907 maximis
681 1847 833 1921 perieulis
861 1862 1030 1907 servavere
1060 1843 1127 1908 Cat.
1149 1849 1245 1930 ὅλῃ.
1270 1843 1325 1908 de-

137 1955 311 2020 fensionem
333 1961 366 2018 in
388 1977 464 2020 novo
487 1960 613 2020 consilio
634 1974 698 2018 non
721 1955 822 2019 statui
843 1975 963 2038 parare
985 1954 1053 2020 Cat.
1070 1960 1153 2042 35,2.
1175 1956 1270 2020 sieuti
1292 1962 1324 2020 in

136 2071 327 2132 sollemnibus
354 2073 454 2132 sacris
484 2066 556 2130 fieri
587 2065 753 2131 consuevit
782 2065 850 2130 Cat.
875 2071 958 2152 222.
987 2073 1018 2131 in
1041 2073 1175 2132 munima
1192 2075 1325 2148 fortuna

136 2179 266 2243 minima
286 2179 421 2244 lieentia
443 2178 511 2244 Cat.
536 2184 635 2264 5¹a1a·
672 2199 756 2262 quae
786 2179 874 2262 apud
901 2179 982 2244 alios
1003 2179 1174 2244 iracundia
1196 2180 1324 2260 dieitur,

136 2312 174 2355 ea
194 2297 226 2354 in
248 2297 377 2370 imperio
400 2290 554 2375 superbia
577 2296 676 2374 atque
705 2291 881 2356 crudelitas
911 2291 1096 2376 appellatur
1125 2292 1197 2371 „bei
1220 2291 1322 2356 einem

135 2403 333 2469 Herrseher“
356 2403 424 2468 Cat.
449 2409 549 2488 alm.
581 2408 614 2466 in
637 2409 719 2467 lucta
748 2407 847 2488 atque
875 2409 1006 2468 miseriis
1036 2409 1173 2468 mortem
1197 2425 1323 2468 aerum-

20 2591 22 2606 ι
133 2536 247 2580 narum
270 2517 416 2598 requiem
438 2515 506 2581 Cat.
532 2521 630 2600 51,20.
660 2520 692 2577 in
715 2521 763 2580 leis
784 2519 916 2580 nntreriis
942 2520 1060 2580 cuneta
1089 2537 1139 2579 me
1163 2537 1236 2580 oum
1259 2515 1323 2580 for-

133 2633 211 2692 tuna
233 2629 405 2693 deseruere
429 2627 483 2692 Or.
508 2627 590 2693 Cott.
614 2632 632 2691 2
657 2627 707 2691 sin
728 2632 760 2691 n'n
781 2632 873 2692 tanto
897 2628 1038 2692 omnium
1060 2638 1140 2692 metu
1156 2629 1243 2693 solus
1258 2647 1323 2691 non

20 2751 22 2802 t
132 2740 225 2804 timet
247 2739 316 2804 Cat.
340 2745 438 2825 5216.
465 2744 651 2804 tumaxime
681 2750 760 2803 meta
787 2740 910 2805 nudum
933 2744 966 2805 et
987 2761 1120 2805 caecum
1142 2760 1260 2824 eorpus
1281 2739 1323 2803 ad

20 2841 21 2846 ἵ
131 2852 234 2917 hostis
255 2858 383 2917 vortere
405 2852 474 2934 lug,
500 2857 603 2936 lO7‚1.
630 2856 765 2916 inomni
787 2857 954 2916 certamine
978 2853 1033 2934 qui
1057 2851 1241 2935 opulentior
1264 2856 1322 2931 est,

20 2955 21 2970 ³
131 2964 259 3028 etiamsi
288 2964 408 3048 accipit
436 2964 604 3048 injuriam,
639 2970 749 3030 tamen
841 2963 950 3028 faeere
988 2965 1116 3028 videtur
1143 2964 1209 3046 lug.
1240 2968 1289 3042 10,
1299 3004 1322 3048 7.

131 3081 162 3140 in
184 3082 250 3142 ruis
274 3081 373 3142 dubiis
395 3079 488 3141 rebus
511 3075 701 3141 societatem
730 3081 873 3141 vestram
895 3077 1124 3160 appetiverunt
1145 3076 1212 3159 lug.
1239 3081 1321 3161 l4‚5.

130 3194 162 3251 in
191 3193 358 3264 divisione,
401 3209 484 3271 quae
521 3209 599 3272 pars
628 3187 801 3254 Numidiae
838 3189 1075 3254 Mauretaniam
1114 3188 1320 3270 attingit

130 3299 308 3383 Iugurthae
340 3299 482 3366 traditur
509 3301 576 3383 lug.
602 3305 683 3384 16,5.
715 3301 792 3381 „Bei
820 3301 878 3366 der
898 3301 1053 3382 Teilung“
1083 3299 1122 3364 of.
1144 3298 1213 3382 lug.
1239 3305 1287 3379 17,
1295 3341 1320 3385 3.

130 3419 214 3498 48‚3.
259 3413 468 3504 viaittamen
491 3417 523 3475 in
550 3417 639 3477 auido
661 3417 785 3493 inuenio
804 3433 941 3497 pravum
963 3411 1132 3477 eonsilium
1153 3412 1221 3494 lug.
1236 3417 1319 3496 25‚3.

128 3547 195 3605 vos,
219 3525 370 3606 Quirites,
392 3530 425 3589 in
446 3529 574 3605 imperio
596 3525 679 3604 nati,
703 3544 807 3607 aequo
830 3524 938 3589 animo
961 3523 1150 3589 servitutem
1172 3524 1321 3589 toleratis

20 3629 21 3716 i
128 3638 197 3720 Iug.
230 3643 327 3723 3l‚11.
356 3637 391 3702 id
422 3641 472 3702 est
500 3637 568 3717 „als
595 3636 776 3702 Herrseher
807 3635 967 3719 geboren“
1000 3635 1101 3701 veluti
1129 3637 1319 3720 Iug.14‚11.

20 3725 21 3776 f
127 3754 205 3834 post
225 3748 282 3814 ubi
312 3771 363 3813 me
393 3749 507 3814 iisdem
538 3748 621 3814 dolis
651 3768 715 3813 non
746 3748 817 3830 quit
839 3769 972 3832 capere,
997 3747 1077 3812 nihil
1099 3748 1204 3812 minus
1222 3768 1319 3830 quam

20 3923 21 3932 ,
127 3863 193 3926 vim
217 3866 275 3926 aut
296 3860 417 3926 bellum
439 3865 682 3945 exspectantem
713 3865 744 3924 in
775 3865 902 3940 imperto
931 3870 1046 3936 uestro,
1081 3859 1165 3924 sieut
1194 3859 1320 3938 videtis,

20 4013 21 4016 =
128 3979 293 4038 extorrem
314 3973 424 4058 patria
518 3971 641 4053 effecit,
676 3973 764 4056 quod
782 3972 952 4037 vertimus:
982 3993 1082 4055 quum
1103 3991 1160 4036 vos
1182 3971 1320 4055 impere-

126 4087 179 4166 tia‚
211 4086 263 4151 vei
293 4085 384 4150 vobis
414 4084 660 4168 imperantibus.
691 4083 729 4150 ef.
760 4084 828 4149 Cat.
860 4090 958 4170 51‚13.
992 4083 1116 4148 seilicet
1146 4084 1224 4166 quia
1255 4105 1320 4148 non

20 4229 22 4290 p
127 4200 225 4264 aliter
255 4198 336 4262 salvi
365 4198 510 4279 satisque
538 4197 602 4261 tuti
624 4203 657 4260 tn
679 4201 807 4275 imperio
830 4196 939 4275 eritis,
968 4196 1030 4260 nisi
1052 4195 1181 4260 Vettius
1205 4195 1319 4260 Picens

20 4403 21 4410 ἵ
127 4317 161 4375 et
183 4311 294 4376 sariba
326 4309 493 4375 Cornelius
525 4309 632 4372 aliena
659 4309 742 4375 bene
768 4313 865 4390 parta
893 4308 1112 4392 prodegerint.
1157 4307 1210 4372 Or.
1241 4307 1317 4390 Lep.

20 4459 21 4508 j
129 4429 178 4489 17.
201 4461 245 4470 -
267 4427 416 4505 potestne
447 4427 479 4484 in
503 4431 563 4485 turn
587 4426 717 4486 diuersis
746 4424 893 4485 mentibus
915 4441 981 4504 pax
1003 4425 1061 4484 aut
1083 4419 1227 4484 amicitia
1248 4440 1318 4482 esse

20 4517 21 4576 i
127 4536 200 4616 „bei
234 4556 269 4598 so
300 4533 547 4597 verschiedener
577 4533 782 4615 Gesiunung“
812 4532 879 4615 lug.
910 4537 1007 4617 3l,24.
1030 4569 1072 4578 ——
1096 4531 1172 4612 quia
1202 4536 1232 4594 in
1258 4536 1317 4594 dis-
