3180 5276
749 421 947 481 ..8....

252 611 332 692 la„
359 604 400 670 ab
431 606 679 689 oppugnatione.
717 606 888 672 Gaesarem
913 611 947 671 et
968 605 1093 671 Livium
1114 607 1279 672 rarissime
1302 628 1440 690 praepo-

251 718 401 783 sitionem
420 739 441 782 a
467 717 517 783 vel
539 717 581 782 de
603 738 724 802 ponere
746 721 887 784 testatur
908 717 1059 783 Kiihnast
1079 740 1111 801 p.
1137 723 1207 785 168.

340 833 481 909 diaredi:
513 835 598 896 domo
619 829 688 914 Iug.
712 836 777 914 79,7
801 835 922 910 obibus
944 829 983 894 fr.
1005 829 1059 896 IV.
1083 834 1133 896 28.
1176 830 1441 915 Praepostionem

252 963 273 1006 a
296 941 403 1006 inveni
426 939 555 1008 duobus
577 941 738 1026 loeislug.
764 947 842 1027 16,11
867 947 1002 1026 propter
1021 941 1262 1008 multitudinem
1284 965 1304 1008 a
1325 965 1442 1027 pareu-

251 1052 340 1119 tibus
359 1053 504 1137 digressi.
537 1053 576 1118 ir.
605 1053 662 1118 111.
692 1059 743 1121 49.
772 1074 792 1119 a
821 1053 924 1118 Tanai
952 1053 1085 1120 flumine
1113 1054 1289 1139 digressae.
1332 1055 1442 1121 Livius

252 1165 388 1232 adhibet
405 1164 681 1249 praepositionem
704 1185 733 1245 a,
757 1165 856 1231 semel
877 1187 919 1230 ex
941 1171 1063 1252 35,3g,11

341 1282 468 1359 offredi:
488 1277 681 1361 plerumque
697 1277 904 1362 conjungitur
915 1299 989 1343 eum
1011 1277 1170 1344 ablativo:
1193 1285 1279 1344 domo
1291 1279 1359 1345 Cat.
1371 1271 1444 1364 '644

253 1395 343 1456 curio
363 1389 431 1473 lug.
457 1395 521 1476 15„
548 1393 642 1456 Romo
662 1389 731 1474 Iug.
753 1394 834 1476 35,10
852 1395 1019 1470 provincia
1047 1389 1116 1474 Iug.
1149 1395 1216 1476 44,4
1239 1395 1349 1456 ordine
1370 1391 1438 1475 lug.

253 1506 319 1588 45,2
344 1507 455 1567 castris
469 1502 538 1587 lug.
551 1508 617 1588 91„
635 1487 701 1588 93„
726 1506 838 1582 oppido
849 1502 917 1586 lug.
941 1508 1017 1589 91³4·
1062 1522 1127 1567 uno
1138 1500 1210 1568 loeo
1220 1503 1327 1568 inveni
1348 1524 1444 1586 prae·

252 1608 446 1698 positionem
483 1634 540 1695 ex,
575 1633 674 1697 quam
704 1613 832 1694 Livius,
870 1614 999 1695 Cicero,
1038 1615 1159 1680 Caesar
1186 1636 1308 1698 ponere
1338 1615 1444 1680 solent

253 1726 322 1793 Cat.
345 1731 422 1812 49‚5.
474 1724 654 1809 egredienti
676 1735 857 1792 exsenatu.

340 1857 375 1902 se
398 1857 576 1918 emerpere:
598 1837 729 1921 navigia
742 1843 845 1919 suado
867 1836 906 1902 fr.
930 1836 967 1903 V.
990 1843 1040 1904 22.

318 1975 320 1982 ·
340 1956 490 2015 evadere:
510 1954 624 2030 oppido
645 1949 714 2033 lug.
735 1954 812 2036 56„.

337 2082 519 2142 ‘erumpere
538 2065 642 2142 portis
661 2061 730 2145 lug.
754 2068 818 2147 99„
845 2059 884 2126 of.
901 2061 1021 2127 Caesar
1041 2062 1116 2127 bell.
1140 2061 1223 2127 civil.
1245 2068 1332 2148 3,44,4
1355 2067 1440 2149 2,14,¹

253 2174 400 2258 Draeger
414 2196 445 2259 p.
469 2178 541 2240 512.
584 2172 789 2257 Praepositio
814 2195 854 2239 ox
874 2173 984 2256 posita
1005 2177 1055 2239 est
1075 2173 1114 2239 fr.
1134 2175 1190 2239 III.
1213 2179 1252 2240 41
1278 2195 1319 2239 ex
1337 2173 1443 2240 Ponto

254 2286 302 2352 vis
323 2285 462 2370 piscium
484 2285 635 2370 erumpit.
683 2355 688 2362 ,

342 2402 520 2480 aperuisti
527 2421 537 2464 :
558 2419 662 2463 somno
685 2402 894 2482 experrectus
916 2398 984 2482 lug.
1007 2402 1081 2484 72,

334 2513 514 2591 proficisci:
536 2511 744 2596 conjunctum
767 2515 817 2576 est
840 2531 914 2577 oum
925 2508 1070 2575 ablativo
1094 2515 1179 2574 domo
1201 2509 1269 2592 lug.
1294 2515 1447 2595 79,4oum

254 2622 496 2708 praepositione
519 2643 559 2687 ex
581 2622 650 2688 Cat.
676 2628 742 2708 44,2
767 2643 807 2688 ex
824 2626 915 2687 orbe.

341 2735 476 2818 Semper
504 2755 577 2799 oum
598 2733 895 2819 praepositionibus
922 2733 1168 2818 conjunguntur
1190 2732 1306 2813 verba,
1327 2732 1447 2816 quibus

254 2847 340 2913 inest
361 2846 451 2912 notio
482 2846 680 2912 remotionis.
725 2845 790 2913 Sed
813 2844 934 2929 duplex
959 2845 1042 2911 haee
1065 2850 1123 2924 est,
1145 2866 1222 2911 nam
1243 2849 1301 2910 aut
1322 2845 1447 2910 reaedi-

255 2979 326 3024 mus
349 2957 391 3024 ab
415 2957 526 3042 aliqua
546 2958 646 3026 revel
662 2959 854 3038 detinemur,
877 2962 936 3022 aut
950 2977 1152 3023 removemus
1174 2977 1252 3022 rem
1266 2961 1299 3022 et
1320 2962 1448 3022 remota

254 3071 512 3137 nosliberamus.
538 3071 655 3154 Itaque
669 3069 769 3136 verba
781 3068 960 3149 absentiae,
981 3068 1196 3150 alienationis,
1219 3069 1446 3154 separationis,

254 3182 505 3269 prohibitionis,
536 3181 720 3263 divisionis,
762 3181 1004 3266 conjunguntur
1033 3202 1106 3247 eum
1134 3183 1377 3266 praepositione
1408 3187 1446 3247 ob

254 3296 307 3361 vel
326 3316 367 3362 ex
389 3295 428 3361 ef.
453 3294 551 3361 Hand
566 3294 682 3361 Tursel
702 3295 726 3360 I.
744 3316 776 3379 p.
801 3297 850 3359 37.
894 3293 991 3379 Apud
1003 3293 1195 3361 Sallustium
1206 3299 1337 3362 exstant
1348 3294 1447 3362 haee:

341 3414 467 3476 obesse:
498 3413 693 3490 apericulis
716 3408 855 3476 aberant
884 3407 952 3474 Cat.
983 3412 1029 3493 6,4
1057 3429 1164 3492 neque
1192 3408 1319 3474 animus
1341 3428 1448 3491 neque

256 3544 374 3607 eorpus
397 3544 417 3589 a
438 3526 521 3588 vobis
551 3521 659 3588 aberit
680 3521 748 3588 Cat.
773 3526 865 3607 20,13.
910 3520 1034 3586 Brutus
1057 3525 1094 3586 ob
1117 3523 1214 3586 Romo
1242 3519 1358 3585 aberat
1377 3519 1447 3586 Cat.

256 3641 322 3722 40„
347 3639 385 3699 ob
404 3639 502 3716 rianio
518 3633 712 3717 aberatlug.
736 3639 802 3720 445
826 3655 847 3698 o
869 3654 929 3713 qao
951 3631 1067 3698 aberat
1087 3631 1259 3715 monslug.
1277 3637 1343 3718 48„
1366 3653 1449 3716 pau-

254 3746 323 3812 lum
345 3753 464 3828 osopo
494 3745 633 3812 aberant
660 3746 851 3830 lug.101,8.
895 3743 1074 3810 Nonnullos
1103 3744 1192 3810 loeus
1223 3764 1264 3809 ex
1290 3743 1446 3809 Cicerone

256 3864 411 3944 sumptos,
444 3857 563 3943 quibus
592 3861 702 3924 exstat
729 3857 902 3938 ablativus,
931 3855 1029 3923 affert
1049 3855 1198 3940 Draeger
1219 3877 1250 3940 p.
1274 3861 1346 3922 504.
1369 3855 1445 3920 fam.

256 3975 327 4057 46„
353 3975 455 4056 15„,4.
499 3969 627 4036 Tuseul.
640 3976 710 4056 effi.
734 3968 787 4034 off.
809 3969 834 4033 I.
859 3974 908 4034 14.
953 3968 1063 4034 Livius
1079 3969 1189 4035 novies
1204 3972 1333 4033 tantum
1355 3966 1446 4033 abla-

256 4083 358 4148 tivum
377 4081 471 4167 ponit
493 4082 532 4147 ef.
556 4081 708 4147 Kiihnast
728 4103 759 4166 p.
785 4087 856 4148 166.

342 4198 429 4260 obire
451 4193 625 4260 Sallustius
655 4213 783 4278 semper
811 4191 977 4277 conjungit
1005 4213 1079 4257 eum
1110 4190 1352 4275 praepositione
1386 4213 1446 4256 ea:

257 4325 297 4370 ex
312 4310 424 4385 patrio
438 4305 507 4389 lug.
530 4310 593 4392 35„
619 4325 659 4370 ex
679 4313 844 4384 conspectu
865 4304 933 4387 lug.
957 4309 1020 4388 68„
1047 4324 1088 4368 ex
1109 4308 1222 4369 castris
1244 4303 1313 4386 lug.
1344 4308 1445 4383 107,2.

346 4415 459 4482 Cicero
490 4417 595 4483 utitur
624 4416 816 4500 plerumque
844 4414 1086 4499 praepositione
1116 4437 1136 4480 o
1165 4415 1272 4480 rarius
1295 4434 1322 4494 e,
1351 4413 1391 4480 de
1414 4419 1448 4480 et
