3180 5276
225 1549 430 1633 Quamquam
445 1549 531 1615 inter
548 1569 659 1616 omnes
676 1555 813 1630 constat,
835 1549 1000 1616 bieeronis
1017 1549 1175 1635 imprimis
1197 1549 1326 1617 dicendi

139 1660 299 1726 rationem
330 1681 401 1726 esse
429 1660 621 1727 imitandam
650 1662 684 1726 in
714 1667 786 1728 arte
806 1661 908 1728 latine
930 1660 1110 1743 scribendi,
1136 1667 1248 1728 tamen
1269 1661 1326 1728 alii

104 1753 110 1763 ¹
136 1766 243 1838 minus
271 1771 435 1856 elegantes
457 1773 677 1839 Romanorum
708 1774 885 1858 scriptores
915 1774 1043 1840 omnino
1072 1793 1136 1838 non
1158 1773 1326 1858 rejiciendi

47 1919 50 1922 ·
138 1889 196 1948 aut
212 1883 386 1967 spernendi
400 1889 484 1950 sunt.
506 1885 582 1951 Sine
599 1884 699 1950 dubio
713 1885 857 1952 studium
877 1905 989 1952 corum
1011 1885 1148 1950 multum
1170 1884 1267 1952 affert
1283 1884 1325 1951 ad

138 1994 351 2061 excolendam
372 2000 478 2062 artem
499 1997 754 2082 grammaticam,
776 2017 861 2081 quae
882 2019 946 2063 non
967 1996 1115 2081 perfecta
1136 2002 1237 2081 atque
1259 2017 1327 2062 om·

137 2107 234 2173 nibus
262 2109 406 2173 numeris
435 2107 588 2175 absoluta
609 2109 688 2189 erit,
714 2109 777 2175 nisi
804 2109 1058 2194 uniuscujusque
1088 2109 1256 2193 scriptoris
1279 2109 1327 2174 di-

138 2218 232 2285 cendi
247 2239 349 2303 genus
364 2225 517 2286 accurate
532 2220 760 2288 illustrabitur.
804 2221 898 2302 Quod
919 2227 957 2287 ut
975 2219 1070 2287 fieret
1085 2226 1199 2287 nostra
1217 2225 1327 2286 aetate

136 2329 231 2396 multi
252 2330 314 2396 viri
331 2329 550 2398 incubuerunt
562 2333 597 2398 in
611 2333 767 2417 loquendi
787 2355 882 2400 usum
906 2337 940 2399 et
962 2333 1144 2417 priscorum
1165 2337 1199 2399 et
1217 2336 1326 2418 poste·

137 2443 262 2509 riorum
285 2443 480 2528 scriptorum
496 2444 765 2529 investigandum.
809 2446 889 2512 Cum
910 2444 1084 2512 historicos
1106 2445 1326 2512 Romanorum

137 2554 368 2622 celeberrimos
390 2560 512 2640 specto,
533 2556 671 2622 Liviana
693 2562 727 2624 et
747 2558 881 2624 Tacitea
903 2558 1009 2624 oratio
1032 2556 1100 2624 lere
1121 2559 1156 2624 in
1178 2556 1327 2624 omnibus

135 2666 286 2750 partibus
315 2672 459 2739 tractata
488 2673 539 2734 est
566 2689 586 2734 a
615 2669 694 2734 viris
722 2669 917 2736 doctissimis
938 2669 1090 2743 Kiibnast
1117 2675 1151 2736 et
1170 2669 1326 2754 Draeger.

136 2779 188 2844 Ad
204 2779 354 2845 Caesaris
374 2779 504 2846 dicendi
526 2780 686 2847 rationem
708 2767 965 2866 cognoscendam
986 2783 1124 2849 multum
1146 2781 1328 2849 attulerunt

136 2890 384 2957 dissertationes
406 2890 561 2972 Fischeri,
592 2912 678 2977 quae
706 2892 899 2976 prodierunt
920 2893 1014 2960 Halis
1040 2896 1133 2962 annis
1162 2899 1254 2962 1858.
1276 2899 1326 2960 54.

223 3002 422 3069 Sallustiana
451 3004 556 3070 oratio
586 3024 651 3071 non
680 3003 830 3071 omnibus
859 3006 1002 3071 numeris
1023 3006 1246 3092 pervestigata
1268 3012 1326 3072 ost

135 3113 221 3180 Nam
247 3119 381 3199 praeter
401 3115 626 3210 Badstiibner':
655 3116 723 3198 „De
753 3117 876 3185 Salusti
906 3117 1036 3183 dicendi
1062 3138 1190 3202 genera,
1219 3118 1326 3184 Berol.

140 3231 232 3292 1863.
284 3227 351 3308 4⁰“‚
382 3227 564 3294 Auschiitz:
594 3228 723 3295 Selecta
752 3229 862 3314 capita
890 3229 931 3295 ds
961 3231 1090 3316 syntaxi
1119 3229 1327 3312 Sallustiana,

134 3338 230 3404 Halis
253 3344 345 3419 1873,
370 3338 509 3406 Gbrlitz:
529 3339 579 3405 De
594 3341 727 3425 genitivi
749 3363 811 3408 usu
822 3341 1030 3423 Sallustianc,
1051 3341 1212 3409 Schrimm
1235 3348 1327 3424 1878,

134 3449 284 3516 Herchor
312 3449 442 3532 „Ueber
479 3451 542 3518 den
571 3451 746 3519 Gebrauch
779 3453 836 3519 des
865 3454 1076 3521 Accusatives
1109 3453 1164 3520 bei
1196 3453 1327 3536 Sallust,

135 3561 226 3627 Gera
260 3568 353 3644 1878,
382 3584 487 3644 nemo,
518 3563 606 3648 quod
636 3566 713 3647 scio,
743 3566 894 3651 syntaxin
928 3566 1159 3633 Sallustianam
1188 3566 1327 3650 scripsit

136 3675 247 3753 Quare
270 3673 406 3740 ablativi
429 3695 524 3741 casus
545 3677 672 3742 vamum
699 3698 794 3743 usum
816 3678 905 3764 apud
924 3679 1114 3745 Sallustium
1135 3679 1327 3763 perquirere

134 3790 172 3852 et
193 3786 349 3870 exemplis
370 3786 538 3854 illustrare
550 3789 688 3875 suscepi.
732 3791 889 3856 Normam
901 3795 1000 3875 atque
1015 3791 1162 3876 regulam
1174 3791 1217 3857 ad
1229 3811 1327 3875 quam

134 3919 219 3982 opus
245 3879 482 3966 instituendum
510 3901 570 3981 sit,
598 3901 679 3967 mibi
709 3902 866 3988 proposui
896 3902 1143 3970 dissertationes
1172 3902 1327 3984 Fischeri,

133 4030 219 4094 quas
241 4031 341 4095 supra
362 4012 534 4078 nominavi.
577 4013 616 4080 In
638 4018 732 4080 textu
754 4019 788 4080 et
808 4014 889 4080 locis
906 4014 1080 4082 laudandis
1102 4019 1233 4082 secutus
1256 4037 1328 4082 sum

132 4142 304 4204 numeros,
333 4123 390 4207 qui
418 4131 493 4190 sunt
522 4125 610 4211 apud
639 4124 816 4191 Rudolfum
849 4126 1069 4194 Dietschium:
1098 4127 1161 4194 Gai
1194 4127 1328 4194 Sallusti

133 4235 251 4321 Crispi,
274 4255 359 4319 quae
381 4242 564 4321 supersunt,
586 4237 717 4323 Lipsiae
742 4243 834 4306 1859.

222 4347 293 4414 Iam
313 4348 430 4432 priscis
452 4349 654 4434 temporibus
675 4349 819 4434 quinque
839 4349 970 4417 casibus
990 4349 1114 4417 latinae
1137 4351 1328 4417 declinatio·

131 4460 186 4525 nis
209 4458 340 4525 additus
369 4466 420 4526 est
441 4461 579 4542 „Sextus
609 4469 734 4546 casus“;
758 4463 815 4546 qui
835 4462 989 4548 proprius
1011 4466 1062 4528 est
1082 4462 1212 4545 latinus,
1236 4464 1328 4549 cujus

131 4573 184 4638 vis
207 4571 295 4654 apud
311 4573 455 4638 Graecos
476 4595 536 4659 per
551 4574 727 4657 genitivum
747 4574 929 4658 explicatur
945 4574 984 4639 cf.
1004 4573 1178 4642 Diomedes
1199 4597 1231 4660 p.
1255 4581 1326 4642 302.

1081 4679 1119 4730 1*
