3180 5276
634 449 846 509 ⁶73-

231 643 372 698 certare:
404 653 476 697 cum
508 633 607 698 divite
704 654 777 698 eum
804 633 939 698 factioso
1035 655 1108 698 oum
1131 639 1263 698 strenuo

145 767 218 810 cum
240 744 387 810 modesto
477 766 550 810 cum
569 745 739 810 innocente
761 745 829 811 Cat.
851 751 933 832 baffi.
958 767 1031 811 curn
1050 745 1242 829 aequalibus
1261 746 1330 830 Ing.

145 862 204 942 6‚1.
235 877 308 921 cum
338 855 441 922 Gallis
469 857 538 941 Iug.
568 863 670 942 114sp
703 879 776 923 cum
802 857 965 923 alacribus
1062 879 1134 925 cum
1164 858 1330 924 velocibus

221 990 293 1034 cum
311 969 427 1034 validis
448 968 487 1033 fr.
508 969 549 1034 II.
575 975 622 1034 11.

229 1091 384 1146 certamen
400 1088 491 1162 fore:
514 1102 586 1146 cnm
608 1081 648 1146 iis
667 1081 736 1164 Iug.
759 1086 842 1168 49sp
866 1103 939 1147 cum
960 1081 1109 1148 hostibus
1133 1088 1215 1168 54,5.

229 1198 410 1274 constipare:
434 1214 506 1257 cum
529 1193 669 1258 Antonio
692 1194 953 1277 quamprimum
976 1194 1044 1260 cat.
1067 1200 1117 1274 57,
1124 1235 1149 1280 5.

229 1311 434 1371 contendere:
459 1325 533 1371 cum
554 1303 679 1389 magnis
700 1305 881 1389 legionibus
902 1305 1045 1371 hostium
1068 1305 1136 1371 Cat.
1154 1311 1236 1392 53‚3.
1259 1327 1332 1371 cum

141 1417 322 1503 majoribus
345 1417 411 1498 suis
433 1416 501 1500 Iug.
525 1423 554 1497 4,
564 1457 587 1502 7.

228 1551 349 1595 monum
381 1549 563 1596 consuere:
594 1551 635 1595 ne
664 1528 834 1614 pauciores
864 1549 937 1594 cum
966 1528 1115 1615 pluribus
1147 1536 1205 1595 aut
1232 1529 1332 1595 rudes

143 1663 218 1708 cum
239 1640 326 1707 bello
348 1640 536 1707 melioribus
558 1663 690 1707 manum
713 1646 919 1707 consererent
941 1642 1008 1726 lug.
1032 1648 1114 1728 49,2.

228 1754 506 1838 Praepositionem
530 1759 651 1834 „cum“‚
673 1775 758 1838 quae
779 1775 833 1819 res
855 1755 949 1836 quasi
972 1754 1160 1834 comitatur,
1183 1753 1333 1820 adhiberi

141 1866 186 1932 ad
206 1865 452 1950 significandum
474 1865 605 1931 modum
632 1871 665 1931 et
687 1867 855 1945 rationem,
880 1866 951 1950 J'am
973 1887 1073 1950 supra
1094 1865 1170 1930 dixi.
1214 1865 1333 1931 Confer

139 1979 246 2044 locos:
265 1980 333 2061 lug.
359 1983 455 2064 14‚15.
480 1985 562 2064 65,3.
586 1985 669 2064 85,3.
692 1983 776 2066 923.
821 1977 874 2043 Or.
895 1978 972 2062 Lep.
993 1985 1022 2045 9.
1046 1983 1096 2043 25.
1120 1977 1173 2042 Or.
1195 1977 1275 2042 Phit
1301 1983 1329 2042 7.

140 2091 180 2156 fr.
202 2091 241 2155 Π.
265 2095 314 2156 23.
339 2090 378 2155 fr.
400 2090 441 2156 ΙΙ.
466 2097 516 2156 40.

700 2289 772 2360 De.

227 2425 395 2510 Nusquam
417 2425 505 2511 apud
532 2425 722 2492 Sallustium
752 2425 914 2492 invenitur
940 2427 1139 2510 praepositio
1166 2426 1214 2504 de,
1246 2447 1331 2509 quae
1426 2506 1431 2516 .

141 2539 266 2605 indicat
286 2544 418 2618 motum,
442 2559 505 2621 qno
529 2538 639 2621 aliqua
660 2559 713 2603 res
734 2538 857 2603 secedit
881 2543 913 2604 et
936 2538 978 2603 ad
1000 2539 1100 2604 alium
1126 2538 1234 2603 locum
1255 2559 1335 2622 pro-⁴

140 2651 237 2716 cedit.
282 2651 366 2716 Nam
397 2651 510 2736 optimi
541 2650 669 2716 codices
698 2650 853 2717 exhibent
882 2651 1057 2737 011618.
1089 2651 1144 2734 qui
1175 2672 1191 2714 e
1215 2650 1331 2716 castris

139 2762 268 2828 visundi
291 2769 348 2828 aut
367 2762 527 2847 spoliandi
547 2763 654 2846 gratia
675 2768 912 2845 processerant,
934 2784 999 2828 non
1021 2770 1060 2828 de
1080 2763 1205 2829 castris.
1248 2762 1331 2828 Fere

139 2873 290 2939 omnibus
321 2875 401 2940 locis
431 2881 470 2940 de
498 2873 688 2940 vertendum
722 2879 772 2939 cst
801 2874 854 2954 „in
882 2874 1024 2940 Betreff“
1059 2880 1092 2940 et
1123 2874 1330 2959 conjungitur

138 3007 214 3051 cum
235 2985 287 3050 his
309 2985 433 3052 verbis:
1366 2981 1368 2986 ’

227 3102 380 3164 abnuere:
404 3097 444 3164 de
466 3097 532 3164 ullo
555 3097 685 3182 negotio
708 3097 851 3164 abnuere
874 3098 1017 3164 audebat
1037 3098 1105 3181 lug.
1129 3104 1180 3179 84,
1187 3141 1212 3184 3.

229 3215 403 3278 otsolvere.·
426 3212 465 3277 de
488 3211 647 3277 Catilinae
670 3211 893 3295 conjuratione
987 3210 1154 3277 absolvam
1176 3211 1245 3277 Cat.
1268 3217 1330 3297 4,3.

228 3328 387 3402 uerbere:
412 3324 561 3390 debello
584 3344 695 3390 eorum
717 3323 785 3406 Iug.
809 3328 858 3403 21,
866 3364 890 3408 4.
920 3322 960 3389 cle
982 3323 1140 3390 ambobus
1162 3324 1230 3407 lug.
1255 3329 1331 3410 73‚3.

136 3435 180 3500 de
203 3456 238 3500 re
260 3434 394 3519 publica
480 3437 594 3521 paucis
615 3435 726 3519 accipe
748 3435 817 3520 Iug.
842 3441 912 3516 110,
921 3478 946 3522 6.

226 3554 413 3613 admonere:
447 3547 487 3616 de
507 3548 650 3614 moribus
673 3548 812 3613 civitatis
834 3553 963 3633 tempus
985 3548 1153 3614 admonuit
1174 3548 1241 3614 Cat.
1266 3555 1329 3634 5‚9.

225 3680 340 3740 opere:
373 3681 438 3725 non
466 3660 574 3744 agitur
604 3661 643 3726 de
664 3659 878 3743 vectigalibus
910 3681 1016 3744 neque
1037 3659 1077 3726 de
1099 3662 1260 3726 sociorum
1282 3661 1330 3726 in·

128 3771 232 3858 juriis
255 3771 323 3837 Cat.
346 3777 429 3858 52,6.
462 3771 501 3838 de
532 3772 681 3838 omnibus
714 3771 921 3857 pactionibus
950 3794 1105 3856 praesens
1134 3793 1231 3856 agere
1259 3772 1329 3856 Iug.

132 3890 216 3971 asp.

227 4002 367 4078 opilare:
392 3996 433 4062 de
454 3996 542 4062 facto
566 3997 705 4063 consulis
727 3997 795 4080 lug.
819 4001 902 4083 30‚1.

228 4115 357 4174 audire:
382 4109 421 4174 de
443 4109 567 4193 proelio
589 4109 677 4174 lacto
700 4114 732 4174 et
754 4111 996 4194 oppugnatione
1008 4109 1125 4176 -Cirtae
1152 4107 1329 4176 audieban-

128 4229 195 4288 tur
213 4222 282 4304 Iug.
306 4227 390 4306 221.

226 4344 367 4399 certare:
400 4333 439 4398 de
459 4333 579 4396 virtute
601 4332 669 4398 Cat.
694 4339 755 4419 9‚2.
787 4338 946 4399 certatum
975 4333 1139 4416 utrimque
1163 4332 1203 4398 de
1226 4333 1328 4398 domi-

125 4445 270 4512 natione
293 4445 346 4510 Or.
370 4445 470 4510 Macr.
496 4451 543 4511 ll.

226 4578 429 4638 copnorcere:
461 4557 500 4622 de
533 4579 611 4622 casu
640 4557 831 4623 Bomilcaris
861 4562 895 4623 et
922 4556 1042 4624 indicio
1071 4558 1238 4642 patefacto
1259 4557 1328 4642 lug.
