3180 5276
172 1331 234 1413 lle
261 1330 665 1432 praepositionibus,
692 1349 802 1432 quae
827 1331 980 1428 regunt
1005 1329 1268 1412 Ablatlvum.

217 1553 264 1618 De
286 1553 525 1637 praepositione
545 1554 647 1637 ajam
670 1552 945 1637 supradiximus,
968 1552 1024 1618 ubi
1048 1552 1171 1635 egimus
1198 1551 1238 1616 do
1262 1551 1319 1616 ab·

127 1665 230 1731 lativo
255 1685 331 1731 vero
360 1666 411 1729 uel
437 1665 579 1749 proprio.
631 1664 788 1729 Addenda
819 1670 894 1730 sunt
921 1665 1016 1730 haec:
1053 1669 1108 1728 abs
1137 1663 1225 1728 nullo
1247 1664 1319 1728 loco

128 1778 300 1856 invenitur,
323 1781 361 1842 ub
383 1797 544 1860 nusquam
565 1776 684 1860 legitur
711 1783 786 1841 ante
808 1781 835 1842 b.
856 1785 884 1857 f.
908 1799 938 1856 p.
961 1799 1010 1856 qu.
1034 1799 1083 1852 v.;
1112 1780 1187 1840 ante
1210 1796 1227 1839 c
1249 1774 1319 1840 Sal-

127 1889 246 1953 lustius
272 1889 463 1972 plerumque
485 1889 577 1972 ponit
600 1909 635 1970 a;
665 1893 702 1954 ab
727 1893 835 1953 exstat
864 1893 1020 1971 quattuor
1047 1887 1126 1952 locis
1152 1886 1220 1953 (lat.
1242 1892 1319 1973 4⁸³9·

130 2001 173 2065 ab
195 2001 357 2080 Cicerone,
379 2001 447 2084 Ing.
470 2005 551 2084 82‚1.
576 2000 617 2064 ab
630 2000 728 2065 Cirta.
753 2004 803 2080 91,
811 2041 836 2086 3.
862 1999 903 2064 ab
923 2000 1158 2084 Capsa.104‚2.
1183 1997 1225 2062 ab
1244 2019 1319 2062 con·

130 2113 208 2178 sule.
253 2113 336 2178 Ante
368 2118 397 2178 d.
418 2118 436 2177 l.
460 2135 487 2177 r.
513 2135 537 2177 s.
562 2122 582 2177 t.
613 2111 775 2178 invenitur
807 2115 840 2176 et
866 2132 886 2175 a
914 2115 948 2176 et
975 2111 1034 2191 ab,
1066 2109 1154 2194 quod
1181 2108 1320 2192 legimus

129 2229 207 2289 anto
235 2247 263 2288 nr
284 2223 411 2289 duobus
441 2224 521 2289 loeis
550 2225 618 2308 lug.
643 2229 724 2310 222.
757 2223 799 2289 ab
823 2223 969 2308 Micipsa.
994 2229 1076 2307 64η.
1108 2221 1150 2286 ab
1178 2220 1318 2286 Metello.
1346 2277 1357 2292 .

129 2360 150 2400 n
171 2337 363 2420 plerumque
384 2335 553 2419 praecedit
574 2339 622 2413 ab,
645 2358 721 2401 nam
746 2357 766 2400 a
789 2356 854 2401 non
875 2335 1038 2400 invenitur
1053 2333 1114 2398 nisi
1136 2334 1194 2418 Ep.
1210 2332 1319 2398 Mithr.

131 2455 180 2514 16.
206 2449 347 2514 anobis.
382 2449 509 2528 Antep
532 2449 664 2534 ponitur
687 2467 716 2512 a.
751 2451 789 2512 ob
810 2446 969 2512 habemus
990 2447 1058 2530 lug.
1080 2453 1129 2528 50,
1140 2487 1164 2533 6.
1189 2446 1230 2511 ab
1245 2466 1320 2530 per-

129 2561 303 2645 sequendo.
322 2561 391 2644 lug.
415 2567 497 2648 76‚5.
521 2559 563 2626 ab
586 2559 741 2644 perfugis.
786 2558 963 2624 Praeterea
984 2557 1121 2642 legimns
1144 2561 1182 2622 ab
1198 2561 1273 2623 ante
1287 2581 1317 2622 z.

129 2673 172 2739 ab
195 2673 295 2738 Zama
315 2672 454 2738 discedit
474 2673 542 2757 Iug.
565 2678 648 2758 61‚1.

216 2784 386 2850 Nonnullis
414 2784 495 2879 locis
523 2783 763 2869 praepositione
798 2804 817 2848 u
845 2782 1009 2847 indicatur
1037 2802 1100 2861 res,
1132 2802 1192 2866 per
1222 2802 1320 2865 quam

128 2897 242 2980 aliqua
265 2896 406 2962 conditio
435 2902 508 2961 orta
531 2902 597 2961 est:
627 2895 713 2976 „Das
735 2893 967 2977 Hervcrgehen
998 2894 1056 2959 der
1080 2891 1239 2976 Wirkuug
1261 2915 1320 2959 aus

127 3010 190 3074 der
211 3009 392 3074 Ursache:“
414 3029 507 3074 mons
528 3018 632 3072 cortus
651 3011 689 3072 ab
710 3010 829 3072 natura
846 3011 879 3070 et
892 3005 1034 3071 humano
1051 3005 1140 3070 cultu
1152 3005 1220 3090 lug.
1236 3011 1287 3086 48,
1294 3046 1319 3091 3.

125 3121 193 3186 nisi
223 3142 289 3204 qua
312 3121 360 3206 [c]
382 3119 558 3205 paludibus
588 3124 671 3184 invio
697 3117 760 3184 fuit
782 3117 821 3183 fr.
842 3118 866 3182 1.
889 3123 918 3184 8.
940 3137 1014 3182 nam
1038 3117 1141 3182 omnis
1161 3138 1181 3181 c
1202 3123 1321 3181 natura

125 3233 220 3298 velut
249 3253 346 3315 opere
374 3239 473 3316 atque
508 3230 654 3297 consulto
685 3251 843 3310 praeceps
871 3230 940 3314 Iug.
971 3233 1047 3316 92,5.
1083 3229 1320 3312 infrequentem

125 3345 305 3410 stationem
327 3349 474 3408 nostram
495 3347 741 3423 incuriosamqac
761 3347 831 3408 tum
853 3345 891 3407 ob
915 3342 1014 3407 armis
1030 3341 1068 3406 fr.
1083 3341 1136 3407 IV.
1155 3346 1204 3406 65.
1241 3340 1321 3405 Cum

123 3456 372 3541 praepositione
404 3455 610 3540 conjunctum
633 3459 683 3519 est
704 3459 852 3520 invictus:
880 3474 936 3520 vos
959 3459 1077 3533 autem,
1107 3453 1171 3518 hoc
1194 3456 1245 3517 est
1263 3471 1321 3536 po·

122 3567 227 3654 pulus
255 3569 435 3646 Romanus,
467 3572 571 3632 invicti
600 3570 638 3632 ob
661 3570 811 3646 hostiliae,
842 3566 1056 3649 imperatores
1081 3565 1222 3630 omnium
1245 3585 1321 3647 geu·

120 3683 222 3761 tium,
253 3681 334 3746 satis
364 3678 536 3745 habebatis
564 3679 704 3745 animam
732 3678 872 3742 retinere
903 3676 971 3761 lug.
1004 3682 1102 3763 3l,20.
1132 3675 1322 3759 „unbesiegt

120 3813 194 3859 von
216 3793 326 3858 Seiten
357 3793 415 3858 der
443 3792 468 3856 F
471 3791 592 3857 einde“.
636 3789 681 3855 Ut
710 3788 830 3854 dicitur
859 3798 954 3853 totum
983 3809 1048 3852 esre
1080 3791 1117 3852 ab
1148 3793 1253 3868 aliquo
1274 3808 1321 3864 re,

117 3905 268 3988 legimus
295 3905 363 3970 Cat.
394 3911 476 3990 32η.
508 3909 541 3969 et
569 3908 607 3969 ct
635 3907 779 3968 incendio
813 3900 1023 3984 intellegebat
1056 3897 1171 3964 urbem
1203 3897 1321 3984 vigiliis

117 4023 285 4082 munitum.

156 4125 159 4132 ’
217 4129 320 4212 Regio
350 4128 487 4213 alicujus
513 4127 562 4192 rei
589 4126 640 4191 vel
667 4127 767 4206 latus,
807 4144 871 4208 quo
900 4123 979 4208 quid
1008 4122 1047 4188 fit
1076 4124 1126 4188 vel
1154 4127 1322 4206 spectatur

116 4239 339 4326 significatur
359 4239 601 4324 praepositione
623 4259 643 4303 a
664 4239 698 4302 in
719 4238 805 4301 notis
826 4236 890 4300 illis
912 4235 1040 4300 dicendi
1062 4235 1224 4300 formulis:

218 4357 255 4418 ab
280 4359 408 4418 dextra:
432 4351 501 4416 (lat.
525 4357 575 4429 59,
586 4391 610 4436 2·
640 4349 807 4415 fr.11.61.

220 4468 390 4529 crinistra
412 4483 450 4528 cc
473 4468 586 4528 dextro
608 4462 676 4545 lug.
701 4466 751 4542 50,
761 4500 786 4545 4.

219 4581 256 4640 cb
280 4583 395 4641 lutere·
414 4575 482 4658 Ing.
506 4579 603 4660 14‚10.
629 4579 731 4658 long.
