3180 5276
659 454 874 517 ..33-

165 639 332 705 Romanus
365 659 469 719 porco
498 661 591 705 mortu
624 639 746 706 fuderit
767 641 835 707 Cat.
860 647 922 726 ⁷2⁷·
952 640 1095 706 sciebam
1126 658 1358 726 saepenumero

160 773 267 832 porco
288 773 381 818 mona
404 773 477 818 eum
498 752 625 836 magnis
657 751 839 836 legionibus
862 753 1004 820 hostium
1032 753 1254 834 contendisse,
1284 774 1359 839 ocg-

165 885 321 931 noveram
347 869 460 944 porcis
489 870 585 944 copiis
613 863 702 930 bella
730 869 823 950 gesta
855 887 928 932 oum
951 865 1113 950 opulentis
1135 865 1267 950 regibus
1289 867 1358 932 Cat.

167 983 243 1066 53,3.
274 998 396 1062 easque
426 981 601 1058 praesidiis
633 976 743 1043 firmat
770 978 838 1062 Ing.
860 982 943 1064 23,1.
974 977 1135 1062 Iugurtha
1167 984 1359 1046 multitudine

165 1090 383 1156 Numidarum
407 1089 483 1186 Auli
504 1095 614 1157 castra
636 1089 846 1156 circumvenit
873 1089 943 1174 Ing.
967 1095 1017 1171 38,
1024 1131 1049 1176 4.
1073 1095 1238 1170 pracsidio
1264 1092 1360 1174 quasi

167 1201 267 1268 dnum
289 1203 414 1267 milium
435 1201 582 1286 peditum
604 1206 747 1268 montem
768 1207 909 1287 occupat
930 1203 998 1286 lug.
1023 1208 1109 1289 5⁰³³·
1132 1208 1251 1270 cuncta
1271 1223 1359 1270 moe·

166 1315 222 1380 nia
250 1319 391 1379 11111111
421 1315 631 1380 circumvenit
659 1313 728 1398 Ing.
760 1320 842 1400 57‚2.
881 1319 1020 1399 utroque
1055 1314 1137 1380 colle
1167 1321 1360 1381 mulitudine

167 1427 370 1492 circumdato
391 1426 459 1510 lug.
483 1433 565 1512 98,5.
589 1426 629 1493 ef.
656 1429 773 1492 Caesar
793 1424 869 1492 bell.
889 1426 964 1510 gall.
990 1432 1017 1492 1.
1039 1431 1068 1507 3,
1076 1467 1100 1512 τ.
1123 1447 1158 1493 11
1179 1432 1360 1508 1111111111

166 1560 283 1618 raeque
312 1544 453 1604 exercito
481 1537 546 1603 illis
574 1559 676 1622 regna
698 1539 946 1605 conciliaturum
969 1538 1180 1604 confirmavit
1225 1538 1360 1605 Fischer

166 1672 198 1734 p.
229 1656 280 1716 28.
328 1655 432 1716 Liuius
465 1656 614 1736 44,35,1,.
648 1655 829 1735 pugnatum
863 1655 913 1716 est
946 1656 1004 1717 leci
1038 1661 1207 1717 armatura.
1242 1655 1357 1738 1141,ὅ

167 1783 268 1846 quam
297 1761 437 1828 Manlius
466 1767 580 1828 victore
610 1767 751 1828 exercitu
777 1783 950 1847 aggressus
979 1765 1113 1848 recepit.
1157 1763 1248 1829 Alios
1270 1762 1360 1828 locos

167 1875 241 1940 vide
264 1873 353 1959 apud
374 1874 526 1940 Kiihnast
548 1897 578 1959 p.
604 1879 674 1940 163.

252 1987 421 2053 Interdum
458 1986 571 2070 copiae
607 1987 703 2072 quasi
732 1987 866 2052 comites
904 1985 996 2052 ducis
1025 1986 1076 2052 vel
1104 1986 1283 2071 participes
1311 1986 1360 2053 rei

167 2099 316 2183 agendae
338 2104 429 2164 sunt:
459 2097 528 2164 Cat.
552 2102 636 2185 43,2.
665 2099 814 2165 Statilius
844 2102 877 2163 et
894 2098 1053 2165 Gabinius
1082 2099 1132 2164 uti
1153 2120 1220 2164 cum
1241 2118 1361 2182 magna

166 2232 267 2276 manu
297 2211 468 2276 duodecim
498 2211 595 2277 simul
625 2217 810 2296 opportune
838 2210 911 2277 loca
937 2209 1029 2276 urbis
1050 2210 1270 2276 incenderent.
1291 2211 1360 2294 Ing.

168 2327 253 2408 20„.
283 2324 396 2406 itaque
421 2343 487 2389 non
516 2327 554 2389 ut
575 2327 673 2389 antea
702 2345 776 2390 oum
799 2322 1011 2408 praedatoria
1032 2343 1140 2404 manu,
1162 2322 1221 2388 sed
1241 2343 1360 2406 magno

168 2437 316 2502 exercitu
345 2440 535 2520 comparato
563 2434 685 2502 bellum
715 2436 831 2520 coepit.
879 2435 908 2500 E
935 2435 1075 2502 Caesare
1104 2457 1205 2502 unum
1232 2439 1361 2501 tantum

166 2547 266 2633 hujus
290 2549 540 2614 constructionis
561 2548 744 2633 exemplum
767 2547 863 2615 affert
886 2547 1020 2613 Fischer
1041 2547 1116 2613 bell.
1142 2547 1225 2613 civil.
1250 2553 1360 2634 l‚33,2.

167 2661 275 2726 Varro
299 2681 371 2726 cum
393 2660 434 2726 iis
456 2681 538 2744 quas
559 2660 706 2726 habebat
726 2660 909 2745 legionibus
930 2681 1057 2726 omnem
1076 2659 1265 2726 ulteriorem
1286 2659 1361 2726 Hie-

166 2773 301 2856 paniam
323 2776 464 2838 tueatur.
509 2773 605 2858 Apud
627 2777 744 2838 Livium
763 2772 964 2858 praepositio
994 2793 1063 2838 cam
1089 2791 1154 2838 non
1175 2771 1239 2838 nisi
1261 2769 1362 2838 verba

167 2890 308 2950 movendi
330 2884 486 2968 sequitur.
510 2884 549 2950 of.
571 2885 722 2950 Kiihnast
743 2907 774 2970 p.
798 2890 868 2951 163.

258 2997 360 3063 Venio
388 2995 430 3062 ad
462 2996 641 3063 ablativum
673 2997 879 3064 instrumenti
901 3001 988 3074 betto,
1022 2996 1078 3080 qui
1099 2995 1290 3082 subjunctus
1312 3002 1363 3062 est

166 3109 278 3176 verbis
301 3115 474 3175 lacessendi
504 3109 556 3175 vel
578 3115 732 3176 tentandi:
760 3130 820 3194 per
840 3109 1057 3176 Necomedem
1086 3113 1162 3175 bello
1190 3108 1363 3174 lacessive-

167 3227 257 3301 runt,
281 3241 341 3287 nos
360 3222 516 3287 vertimus
540 3244 631 3302 „zum
652 3222 772 3306 Kriege
802 3222 928 3288 111111ἐι
952 3220 1011 3306 Ep.
1041 3220 1152 3286 Mithr.
1183 3225 1231 3288 10.
1261 3221 1363 3304 igitur

166 3354 265 3417 reges
278 3333 454 3418 populique
470 3332 599 3399 finitimi
618 3339 694 3401 bello
706 3339 844 3415 tentare,
866 3333 900 3398 id
917 3338 967 3400 est
980 3333 1185 3417 „angreiien“
1208 3332 1277 3399 Cat.
1300 3339 1362 3418 6,4.

166 3445 222 3510 Ex
250 3446 349 3513 verbo
377 3450 520 3523 invitare,
550 3447 638 3531 quod
663 3448 855 3532 plerumque
890 3447 1097 3532 conjungitur
1129 3465 1203 3510 eum
1223 3465 1363 3528 praepo-

166 3558 288 3624 sitione
320 3563 364 3624 od
385 3557 423 3623 11.
450 3558 493 3624 ad
516 3579 650 3626 coenam
678 3559 719 3626 fr.
741 3560 782 3625 II.
807 3563 891 3646 2³22·
914 3557 1035 3642 pendet
1059 3556 1221 3623 ablativus
1243 3557 1363 3622 instru-

165 3671 273 3736 menti
294 3669 331 3736 h.
348 3670 402 3751 IV,
409 3711 433 3756 4.
459 3691 532 3736 oum
555 3691 589 3737 ee
611 3672 658 3738 ibi
679 3675 746 3737 cibo
760 3677 890 3751 cinoque
906 3671 986 3736 laeti
1000 3670 1185 3750 invitarent,
1205 3668 1276 3736 sich
1289 3667 1363 3735 iroh

165 3783 227 3850 bei
249 3783 341 3848 Wein
363 3782 431 3849 und
453 3782 564 3868 Speise
587 3782 712 3868 giitlich
731 3783 822 3850 thun.

258 3895 368 3961 Verba
397 3901 572 3962 occultandi
604 3897 843 3982 conjunguntur
871 3915 944 3962 cum
978 3894 1122 3961 ablativo
1143 3894 1362 3960 instrumenti:

167 4015 329 4075 occultare
358 4008 479 4092 legitur
508 4008 576 4092 lug.
609 4015 688 4095 12,5.
733 4007 798 4074 Sed
827 4009 876 4074 ita
904 4008 1015 4075 variae
1044 4012 1120 4072 sunt
1141 4005 1306 4086 lectiones,
1325 4011 1363 4072 ut

167 4124 263 4186 certe
301 4120 486 4204 perspicere
519 4142 583 4186 non
612 4121 783 4206 possimus,
819 4125 930 4186 utrum
964 4118 1164 4204 praepositio
1191 4124 1235 4197 in,
1264 4139 1363 4202 quam

165 4231 318 4298 nonnulli
355 4232 483 4298 codices
513 4231 685 4313 exhibent,
717 4232 877 4298 servanda
906 4233 950 4298 sit
976 4251 1095 4298 necne:
1131 4251 1204 4297 cum
1232 4230 1362 4296 interim

165 4345 341 4428 Hiempsal
370 4345 533 4429 reperitur
567 4331 735 4412 occultans
758 4366 792 4410 se
817 4344 879 4430 [in]
903 4349 1027 4427 lupario
1048 4344 1195 4410 mulieris
1215 4342 1362 4409 ancillae.

165 4456 268 4526 Solus
298 4455 460 4524 ablativus
492 4457 656 4524 invenitur
686 4456 774 4540 apud
801 4455 988 4522 Ciceronem
1018 4455 1110 4522 acad.
1133 4459 1211 4542 2,39.
1244 4455 1363 4520 crassis

164 4569 337 4636 occultata
368 4574 401 4634 et
431 4569 628 4636 circumfusa
656 4569 809 4635 tenebris.
859 4571 975 4633 Caesar
1007 4567 1174 4653 conjungit
1199 4587 1233 4632 se
1256 4569 1363 4632 oecul-

1138 4671 1154 4723 3
