3180 5276
572 443 782 504 ...61-

92 625 198 710 incipit
225 625 293 708 lug.
317 630 392 710 bbq.
424 626 472 690 ita
496 634 646 706 perculsu
668 632 823 694 nobilitate
912 651 994 696 novo
1015 630 1137 696 homini
1161 652 1275 698 eonsu-

93 739 173 803 latus
195 737 369 804 mandatur
392 739 459 822 lug.
484 745 566 824 ibffl.
589 741 637 805 uti
660 761 756 824 saepo
776 743 845 825 jam
868 749 944 806 ricto
967 747 1121 824 Iupnrtbu
1143 765 1276 810 consue·

92 855 176 915 verat
197 849 265 934 lug.
288 856 371 937 82‚1.
402 872 440 915 eo
470 850 566 916 modo
597 872 694 936 saepe
724 851 766 919 ab
788 858 928 937 utroque
957 860 1057 920 missis
1078 861 1275 936 remissisque
1386 875 1390 884 ·

92 968 199 1026 nuntiis
221 967 350 1049 tempus
371 963 550 1048 procedere
572 964 641 1048 Ing.
665 969 715 1046 83,
725 1005 751 1051 3.
779 965 934 1032 adhibitis
968 967 1080 1034 amieis
1103 989 1142 1033 ac
1165 970 1275 1034 statim

91 1081 239 1140 innututn
259 1083 413 1178 uoluntpte
434 1076 567 1142 remotis
590 1075 709 1143 dieitur
731 1097 841 1144 seeum
862 1079 933 1163 ipse
948 1079 1086 1145 multum
1101 1082 1274 1164 agitavisse

91 1187 278 1274 lug.113,3.
308 1189 360 1254 oui
382 1189 501 1254 misero
523 1199 595 1254 ueto
612 1189 681 1274 jam
704 1199 805 1255 aetate
834 1212 874 1256 ne
904 1196 1041 1258 mortem
1064 1193 1194 1276 quidem
1216 1193 1274 1258 ho-

90 1305 209 1364 nestam
228 1321 360 1384 sperare
381 1301 460 1366 lieet
480 1300 533 1368 Or.
557 1301 639 1368 Cott.
664 1307 693 1368 2.

170 1413 402 1497 conjunctione
424 1435 604 1494 quenquam
628 1415 850 1481 circumscribi
872 1421 1009 1500 possunt
1022 1417 1073 1482 hi:
1097 1422 1130 1482 et
1147 1428 1275 1497 nocente

91 1530 205 1604 injurio
226 1525 394 1608 ignoscere
417 1546 515 1609 quam
537 1527 690 1611 persequi
712 1526 857 1594 malebat
880 1528 948 1594 Cat.
972 1535 1034 1615 9‚5.
1056 1530 1112 1612 qui
1134 1552 1174 1595 ne
1190 1552 1275 1595 nunc

90 1637 214 1720 quidem
236 1641 374 1702 obsoniis
396 1643 527 1703 inimicis
549 1641 705 1724 exurgitis
717 1641 786 1724 lug.
810 1646 860 1720 31,
867 1681 893 1727 3.
915 1647 1127 1708 resistentibus
1149 1648 1273 1723 eniteris

90 1751 273 1814 continuare
296 1751 523 1834 magistratum
553 1751 742 1818 nitebantur
764 1752 832 1836 lug.
856 1758 937 1840 37‚2.
966 1759 1127 1834 plerisque
1157 1754 1274 1820 faciem

90 1862 154 1945 ejus
176 1867 389 1943 ignorantibus
418 1863 514 1930 factis
537 1869 634 1930 notus
656 1886 715 1950 por
738 1865 841 1930 omnis
863 1865 969 1931 tribus
1000 1867 1186 1932 declaratur
1205 1867 1274 1949 lug.

90 1979 168 2059 b3‚4.
196 1979 379 2040 saeuissimis
414 1981 553 2042 Numidis
583 1980 616 2042 et
649 1981 761 2056 oppido
796 1977 938 2061 undique
976 1985 1080 2044 ctuuso
1116 1978 1275 2062 lurpilius

88 2085 269 2169 praefectus
369 2088 516 2172 profugit
541 2088 609 2172 lug.
641 2095 724 2176 stiffi.
761 2090 814 2154 vix
842 2095 959 2155 deuna
990 2099 1086 2170 purte
1116 2090 1168 2155 die
1203 2097 1274 2155 reli-

89 2219 146 2276 qna
184 2198 342 2264 invadunt
384 2199 452 2284 Ing.
491 2206 568 2287 bip.
627 2207 799 2286 praeterea
843 2207 943 2266 missis
992 2206 1089 2268 antea
1137 2201 1275 2268 Romam

88 2315 193 2388 tepetis
223 2311 389 2395 repulsum
423 2312 465 2378 ab
499 2313 642 2379 amicitia
679 2314 747 2398 lug.
786 2318 906 2400 102‚14.
943 2335 1026 2398 quae
1067 2314 1191 2380 seilicet
1230 2325 1274 2380 tu-

87 2432 170 2486 cente
200 2427 268 2502 ipso
300 2424 427 2489 occulta
456 2426 599 2509 pectoris
629 2425 823 2510 patefecisse
849 2426 917 2510 lug.
943 2431 1046 2512 113‚3.
1076 2427 1197 2510 quippe
1218 2428 1275 2510 qui

87 2539 203 2600 nomine
235 2535 332 2601 modo
364 2536 480 2620 imperi
503 2556 523 2601 a
544 2536 637 2602 vobis
667 2549 793 2618 eccepto
880 2539 1059 2604 exercitum
1080 2539 1194 2622 paravi
1216 2540 1274 2622 Ep.

87 2654 194 2735 Pomp.
217 2654 246 2713 4.
284 2668 382 2730 nuru
415 2659 511 2729 purte
542 2649 681 2716 militum
719 2647 866 2716 autumni
901 2651 1062 2734 gravitate
1095 2671 1200 2734 neque
1237 2672 1277 2716 ex

86 2769 250 2849 postrema
271 2759 348 2844 fuga
435 2765 507 2826 ullis
528 2760 683 2846 adsigna
704 2767 905 2828 redeuntibus
927 2767 961 2828 et
978 2763 1035 2846 qui
1047 2762 1165 2846 reliqui
1183 2767 1276 2828 erant

85 2898 142 2961 per
169 2896 295 2942 summa
323 2873 450 2957 flagitia
481 2879 724 2941 detrectantibus
752 2874 916 2956 militiam,
948 2880 1153 2958 quaestorem
1182 2897 1276 2942 suum

152 2989 288 3054 miserat
315 2986 354 3052 fr.
377 2987 432 3052 llI.
462 2992 511 3054 67.
541 3007 652 3053 omnes
683 2985 800 3070 quibus
836 2995 957 3052 senecio
987 3008 1118 3067 corpore
1150 2987 1276 3053 animus

83 3101 236 3166 militaris
268 3105 340 3165 erat
367 3099 406 3166 fr.
435 3099 489 3165 IV.
513 3104 563 3164 63.
586 3103 729 3179 punctis
766 3099 974 3184 septuaginta
1007 3105 1098 3164 unnis
1129 3104 1275 3165 armatus

84 3235 203 3295 equum
224 3212 347 3278 insilire
372 3211 411 3276 fr.
435 3211 472 3278 V.
495 3217 524 3276 3.

169 3323 336 3390 Interdum
373 3323 560 3407 hujusmodi
595 3323 754 3390 ablativos
783 3324 931 3407 sequitur
964 3322 1127 3407 particula
1158 3333 1276 3390 tenen:

83 3441 236 3502 cbnnente
275 3441 426 3518 Tigrane,
473 3437 529 3519 qui
571 3457 644 3502 mea
685 3435 774 3501 dicta
807 3456 879 3501 sero
912 3434 1045 3521 probat,
1096 3446 1126 3500 te
1162 3446 1275 3502 remoto

81 3549 214 3632 procul,
255 3553 390 3614 omnibns
427 3552 497 3613 uiiis
541 3552 698 3626 obnoxiis,
730 3569 843 3614 rursus
880 3557 978 3612 tenen
1016 3547 1137 3613 bellum
1184 3549 1276 3632 coepi

81 3661 141 3744 Ep.
172 3661 283 3726 Mithr.
317 3665 365 3726 13.
396 3665 569 3740 neruisque
602 3665 730 3726 conlutis
764 3679 874 3744 pugna
913 3669 1012 3724 tumen
1049 3661 1178 3744 ingenio
1212 3660 1276 3724 looi

79 3772 327 3854 prohibebatur.
363 3771 401 3836 fr.
438 3772 494 3837 ΠΙ.
527 3778 585 3854 18;
622 3776 789 3852 praecedit
823 3771 891 3837 (lat.
925 3776 1026 3858 20,12.
1064 3782 1164 3838 tumen
1197 3793 1275 3836 sun-

78 3905 129 3948 mu
154 3889 290 3950 lubidine
312 3884 441 3950 divitias
464 3904 540 3950 suas
568 3884 695 3951 vincere
717 3888 894 3966 nequeunt3
926 3888 1109 3964 interpositu
1132 3889 1181 3950 est
1205 3884 1274 3967 Iug.

80 4000 420 4080 25,11.nnitu·tunten
444 4002 583 4062 erutione
605 4007 783 4076 consumpte
810 3996 911 4079 legati
941 3995 1066 4062 frustra
1088 3995 1275 4062 discessere.

78 4109 265 4174 Particulas
293 4110 496 4175 concessivae
521 4131 594 4174 oum
616 4107 765 4174 ablativis
795 4107 952 4174 absolutis
975 4109 1163 4194 conjunctas
1187 4109 1276 4192 apud

77 4221 274 4287 Sallustium
303 4242 367 4286 non
399 4222 507 4288 inveni
538 4221 577 4286 cf.
606 4224 690 4286 dues.
722 4220 797 4286 bell.
827 4219 909 4286 civil.
935 4225 962 4286 1.
985 4226 1067 4306 big.
1091 4226 1148 4286 etsi
1173 4227 1276 4300 utiquo

77 4345 211 4412 eccepto
233 4318 424 4412 detrimento,
446 4339 558 4400 tamen
582 4354 708 4398 summa
730 4333 892 4398 exercitus
916 4333 1006 4398 salva
1027 4332 1151 4413 locum,
1180 4354 1276 4416 quem

77 4452 208 4527 perant,
232 4447 305 4532 oapi
327 4467 431 4531 posse.
476 4446 577 4511 Tacit.
593 4445 706 4510 histor.
727 4450 754 4509 l.
773 4451 821 4510 60.
852 4445 943 4528 quies
957 4445 1151 4528 provinciae,
1174 4467 1276 4524 quun·

76 4581 177 4636 quoni
206 4569 318 4624 remoto
353 4563 525 4636 consulari,
559 4558 678 4622 mansit
709 4559 749 4622 cf.
779 4558 868 4622 Caes.
897 4557 970 4623 bell.
998 4557 1163 4623 alexandr.
1192 4564 1243 4637 44,
1250 4599 1274 4643 3.
