3252 5276
707 419 923 476 ..54-

221 609 324 686 pieria
343 603 558 687 triumphavit
578 603 646 685 lug.
667 609 737 682 114,
744 645 770 688 3.
809 603 960 666 Metellus
987 624 1100 682 megae
1120 609 1222 682 picria
1244 601 1409 667 visebatur

222 715 399 782 111113.
437 715 557 780 milites
579 715 698 797 quibus
730 715 765 778 in
794 714 941 780 hibernis
962 718 1116 798 praeerat
1136 721 1258 780 leniore
1283 720 1409 794 imperio

222 849 321 912 quam
346 833 444 893 antea
468 827 592 892 babere
623 827 692 909 lug.
716 833 766 906 64,
777 867 803 912 5.
846 825 967 892 milites
993 833 1127 892 nwdesto
1156 832 1284 906 imperio
1306 827 1410 891 habiti

222 943 291 1025 lug.
323 945 374 1020 92,
383 981 408 1026 3.
451 960 572 1024 pavum
600 938 680 1004 mihi
708 943 804 1004 libero
834 961 889 1004 ore
917 941 1046 1004 locutus
1079 939 1208 1004 videtur
1234 939 1409 1024 111953.

221 1074 287 1118 non
308 1057 376 1118 acie
409 1073 515 1135 neque
540 1059 603 1116 alio
625 1073 711 1117 more
731 1051 848 1136 proelii
940 1052 975 1114 in
994 1056 1122 1116 nostros
1151 1051 1322 1116 incmrunt
1342 1052 1410 1134 Iug.

223 1171 311 1250 97‚4.
355 1164 431 1229 dein
459 1167 595 1230 cunctos
615 1170 712 1243 pierio
732 1170 838 1244 prada
862 1165 897 1228 in
919 1163 1034 1228 collem
1064 1162 1217 1228 subducit
1237 1165 1305 1246 lug.
1328 1170 1378 1242 98,
1386 1203 1410 1247 4·

217 1298 332 1356 presso
354 1283 461 1357 prada
488 1275 621 1342 silentes
639 1277 711 1361 jam
731 1275 771 1340 fr.
794 1276 851 1342 III.
872 1281 923 1342 67.
967 1281 1084 1340 incerto
1107 1282 1189 1340 11111
1210 1275 1347 1359 pavidus
1369 1275 1412 1341 ad

224 1389 346 1456 Sullam
364 1388 508 1454 accurrit
527 1388 597 1471 Iug.
617 1393 687 1468 106,
694 1431 718 1474 2.
745 1387 912 1454 Bocchum
924 1387 1028 1471 magis
1040 1393 1162 1454 111111
1177 1395 1243 1466 fide
1259 1409 1357 1471 quam
1369 1387 1411 1452 ob

223 1523 272 1582 ea,
301 1522 386 1585 quae
418 1500 637 1584 praedicabat
730 1500 902 1566 attinuisse
930 1500 1129 1586 Iug.108‚3.
1172 1521 1232 1584 per
1261 1500 1412 1585 injuriam

223 1614 351 1680 malunt
371 1635 470 1697 quam
492 1618 604 1693 optimo
620 1618 698 1692 jure
718 1611 816 1678 liberi
837 1633 935 1695 agere
955 1611 1010 1676 Or.
1031 1611 1109 1696 Lep.
1128 1618 1156 1678 2.
1184 1613 1412 1680 nenessitatem

222 1727 304 1793 nihil
325 1747 425 1792 ausus
441 1725 504 1790 nisi
518 1729 660 1790 muliebri
678 1730 801 1805 ingenio
820 1724 1033 1807 exspectabat
1054 1724 1108 1789 Or.
1121 1724 1198 1808 Lep.
1213 1730 1262 1790 15.
1286 1729 1412 1790 consta·

222 1839 283 1906 bat
297 1848 405 1918 suopte
427 1841 552 1920 iapeaio
571 1836 727 1902 alimenta
750 1836 944 1901 mortalibus
966 1837 1099 1920 gignere
1118 1835 1188 1901 fra
1201 1841 1252 1902 61.
1282 1843 1413 1903 maximo

223 1956 341 2032 gaudio
360 1948 483 2015 bellum
504 1948 638 2014 irritare
661 1947 700 2013 fr.
722 1948 748 2013 Ι.
765 1954 814 2014 16.
844 1948 1009 2014 Sertorius
1030 1969 1144 2030 magna
1163 1953 1320 2014 industrie
1339 1970 1413 2034 per·
1435 2023 1436 2028 .

226 2062 380 2146 quirebat
409 2061 448 2126 fr.
479 2061 535 2126 ΠΙ.
560 2066 609 2126 11.
653 2083 768 2142 magna
797 2065 828 2124 vi
855 2065 1002 2126 certatur
1029 2059 1098 2126 Cat
1122 2067 1173 2140 60,
1181 2103 1206 2146 3.
1238 2060 1307 2145 Iug.
1331 2067 1380 2141 58,
1387 2103 1413 2147 3.

224 2196 338 2255 magua
351 2173 526 2240 attendere
544 2173 612 2238 Cat.
626 2179 677 2254 60,
685 2213 711 2259 5·
733 2173 902 2259 Iugssoffi.
927 2179 1012 2258 7113.
1033 2178 1116 2258 943.
1136 2172 1274 2240 1141.
1296 2179 1415 2254 ch'ore

224 2292 254 2352 ci
274 2286 385 2352 hostes
406 2290 524 2368 urgent
545 2285 615 2369 Iug.
639 2291 689 2366 56,
697 2327 722 2371 3.
766 2307 882 2351 summe
902 2290 933 2350 oi
957 2336 988 2350 ..
1011 2285 1126 2350 nititur
1145 2287 1213 2370 Iug.
1235 2291 1308 2371 25‚9
1330 2291 1414 2371 9233.

225 2409 402 2479 quanteque
421 2403 452 2463 oi
467 2447 474 2462 .
487 2447 514 2462 ..
530 2403 667 2477 J'rrsserit
685 2398 847 2483 Iug.40‚3.
869 2418 911 2464 ne
926 2401 1057 2478 simplici
1075 2397 1207 2480 quidem
1231 2409 1326 2463 morte
1347 2420 1415 2464 mc-

224 2511 394 2575 riebantur
416 2509 455 2575 fr.
478 2511 535 2576 111.
559 2515 610 2590 25,
654 2516 757 2575 maltis
773 2513 923 2589 precibus
946 2531 1046 2593 quum
1068 2515 1179 2575 oraret
1199 2509 1238 2574 fr.
1260 2511 1315 2574 111.
1339 2515 1388 2574 67.
1485 2499 1492 2516 ’

311 2622 430 2687 Rarius
454 2622 628 2688 Sallustius
654 2621 822 2707 conjungit
844 2621 1022 2688 ablativum
1043 2622 1146 2702 modi,
1177 2623 1235 2705 qui
1254 2623 1415 2687 actionem

125 2821 128 2832 .
184 2811 188 2816 ,
229 2735 324 2818 quasi
346 2735 522 2800 comitatur
551 2755 626 2798 cum
656 2733 898 2818 praepositione
931 2756 1007 2799 earn.
1051 2734 1133 2798 Fere
1156 2735 1305 2799 omnibus
1325 2734 1415 2816 locis,

225 2847 282 2912 ubi
304 2845 389 2911 bano
411 2851 611 2911 structuram
636 2847 825 2926 invenimus,
857 2845 1021 2932 adjectum
1044 2851 1094 2911 est
1114 2846 1257 2912 ablativo
1280 2847 1415 2932 adjecti-

225 2981 299 3024 vum
321 2959 470 3042 aliquod:
491 2980 559 3023 eam
584 2979 699 3023 summo
722 2963 824 3023 studio
845 2958 933 3023 domi
949 2942 1213 3042 exsequebantur
1234 2959 1302 3024 Cat.
1316 2965 1365 3039 51,
1372 3001 1415 3045 33.

225 3071 317 3137 vobis
336 3093 452 3136 samma
474 3091 541 3136 eam
563 3075 761 3150 turpitudine
782 3071 816 3134 in
836 3071 933 3135 exilio
954 3075 1096 3136 aetatem
1118 3091 1216 3154 agere
1243 3070 1311 3136 Cat
1335 3077 1415 3158 58‚3.

224 3189 358 3268 praetor
380 3203 447 3248 eam
468 3204 582 3262 magna
603 3188 707 3262 picria
729 3184 763 3246 in
786 3183 932 3249 exercitu
953 3181 1246 3268 1111011593.
1273 3185 1415 3251 maximo

226 3295 367 3360 clamore
409 3315 476 3359 mem
514 3299 635 3374 infestis
672 3300 770 3376 siquis
805 3301 1002 3360 concurrunt
1042 3296 1111 3361 Cat.
1141 3301 1191 3375 60,
1200 3337 1225 3380 3.
1270 3316 1337 3360 cam
1358 3318 1415 3361 rao

226 3413 344 3472 casilia
368 3427 490 3491 poenas
516 3412 610 3491 petat
634 3407 702 3490 lug.
721 3413 806 3494 65,3.
843 3429 910 3472 eum
932 3430 1046 3488 crayae
1067 3429 1146 3474 cara
1167 3429 1286 3492 parare
1308 3408 1416 3473 omnia

225 3519 293 3604 Iug.
315 3525 399 3606 663.
453 3540 520 3584 eum
550 3525 684 3585 maximo
711 3541 789 3585 cara
817 3519 921 3585 ultum
947 3521 996 3586 ire
1024 3521 1161 3605 injurias
1185 3520 1319 3586 festinat
1344 3520 1415 3604 lug.

227 3637 311 3717 68,1.
362 3652 430 3696 cam
446 3653 557 3714 mapao
579 3637 695 3712 poadio
726 3632 812 3698 obvii
835 3633 1018 3716 procedunt
1038 3632 1106 3715 Iug.
1131 3639 1213 3719 69,1.
1258 3637 1416 3716 quantum

226 3765 293 3808 cum
318 3749 449 3809 maximo
484 3755 584 3809 costra
624 3749 768 3822 beneficio
799 3745 909 3828 negoti
936 3745 1113 3810 sustineam
1141 3745 1210 3828 lug.
1241 3751 1292 3826 85,
1300 3787 1325 3831 3.
1368 3744 1415 3810 vi-

226 3877 308 3920 neae
338 3877 405 3920 eam
434 3861 553 3937 inperiti
575 3862 719 3936 periurio
755 3855 879 3922 frustra
916 3856 1099 3940 agebantur
1128 3858 1197 3940 lug.
1220 3863 1303 3943 92,8.
1348 3879 1415 3922 cam

226 3973 399 4034 machinato
429 3974 560 4048 strepitu
581 3968 761 4033 tonitruum
783 3952 936 4034 coronam
1031 3969 1221 4054 imponebat
1242 3970 1281 4033 fr.
1303 3969 1343 4034 II.
1363 3975 1414 4034 23.

228 4103 295 4146 eam
323 4101 434 4162 mapno
467 4086 595 4146 tumultu
626 4081 752 4146 invadit
773 4081 812 4146 fr.
835 4082 876 4146 Π.
899 4087 951 4148 40.
995 4081 1181 4147 Notandum
1205 4087 1255 4146 est
1275 4101 1416 4166 praepo-

227 4193 377 4258 sitionem
399 4213 527 4276 semper
548 4193 625 4276 poni
647 4197 723 4258 ante
746 4193 941 4278 adjectivum
964 4197 998 4258 et
1017 4193 1256 4259 substantivum
1279 4199 1415 4277 excepto

227 4326 292 4370 uno
313 4304 386 4370 loco
408 4304 477 4370 Cat.
490 4311 540 4384 56,
549 4347 574 4391 3.
614 4327 740 4370 summa
762 4326 835 4371 cum
857 4305 1069 4390 turpitudine.
1112 4306 1314 4389 Praepositio
1342 4327 1416 4370 cum

228 4417 347 4482 omisso
380 4415 541 4501 adjectivo
568 4438 634 4482 non
662 4417 782 4500 legitur
810 4418 872 4482 nisi
900 4418 1092 4503 1111433.
1124 4439 1191 4482 cam
1220 4438 1360 4482 emerere
1381 4423 1416 4482 11

228 4535 311 4594 iacta
337 4534 441 4594 morte
469 4529 651 4611 graviorem
681 4531 781 4594 vitam
803 4530 944 4613 exigunt.
970 4531 1038 4613 lug.
1063 4537 1145 4615 54‚1.
1187 4530 1315 4595 saucios
1347 4551 1415 4596 eam
