3180 5276
200 1534 439 1636 Ablotlvus,
465 1535 540 1637 qul
565 1535 731 1637 positus
756 1536 823 1618 ost
847 1554 928 1637 pro
949 1535 1290 1618 Instrumentoli

160 1714 163 1719 ’
237 1723 421 1790 Communis
441 1722 514 1789 fons
535 1723 770 1805 ablativum,
793 1744 876 1808 quos
898 1722 1103 1807 grammatici
1125 1723 1238 1789 dicunt
1258 1728 1341 1789 atla-

150 1841 226 1902 ttoos
255 1839 466 1914 instrumenti,
494 1856 609 1902 causeo
638 1839 672 1902 et
697 1841 792 1914 modi,
820 1855 915 1902 casus
935 1834 1192 1930 instrumentalis
1213 1837 1342 1920 priscae

148 1947 323 2014 latinitatis
355 1951 413 2014 est.
456 1947 572 2032 Itaque
605 1947 688 2014 haec
717 1948 784 2014 tria
811 1946 947 2015 ablativi
975 1967 1095 2032 genera
1124 1947 1174 2013 ita
1199 1947 1286 2013 inter
1306 1969 1343 2014 se

149 2058 271 2126 similia
292 2065 382 2140 sunt,
409 2065 447 2126 ut
467 2059 580 2126 multis
599 2061 690 2128 locis·
703 2059 844 2126 discerni
865 2080 930 2127 non
956 2060 1074 2144 possit,
1101 2065 1212 2126 utrum
1236 2081 1343 2127 sermo

149 2171 195 2238 sit
223 2171 263 2238 de
292 2171 526 2253 instrumento,
558 2193 601 2238 an
631 2193 730 2240 causa
762 2193 804 2238 an
829 2172 934 2239 modo.
979 2171 1065 2252 Quid
1087 2173 1145 2253 sit,
1175 2193 1216 2238 ex
1241 2174 1343 2239 totius

150 2283 316 2354 enunciati
339 2287 460 2350 natura
481 2265 581 2370 atque
603 2305 701 2350 sensu
723 2283 939 2368 colligendum
961 2290 1020 2367 est,
1042 2305 1118 2351 nam
1136 2284 1251 2352 eodem
1267 2285 1343 2352 sub-

148 2396 292 2462 stantivo
322 2395 587 2478 instrumentum,
620 2416 771 2478 oausam,
800 2396 932 2464 modum
958 2397 1140 2483 exprimere
1161 2418 1343 2482 possumus.

149 2508 260 2574 Unum
291 2506 393 2575 affero
424 2508 624 2593 exemplum:
650 2507 731 2574 mihi
763 2507 866 2574 multo
888 2509 1002 2576 labore
1026 2510 1199 2594 pecuniam
1221 2510 1343 2594 peperi.

149 2620 295 2688 Vocibus
322 2620 444 2702 „multo
480 2619 613 2687 labore“
640 2621 892 2688 instrumentum
925 2621 1080 2702 indicari,
1116 2622 1202 2688 inter
1232 2643 1344 2688 omnes

150 2738 289 2799 constat.
332 2733 391 2798 Sin
421 2732 511 2800 dico:
541 2733 663 2815 „multo
694 2733 827 2800 labore“
848 2734 988 2819 pecunia
1009 2737 1107 2818 parta
1129 2739 1187 2815 est,
1210 2733 1344 2800 eaedem

149 2865 248 2912 voces
269 2845 417 2912 indicant
447 2866 579 2912 causam
605 2844 657 2912 vel
678 2843 819 2912 modum.
862 2846 1032 2932 inpriore
1054 2846 1226 2911 enunciato
1248 2867 1344 2930 prae-

150 2958 299 3024 dicatum
319 2958 428 3032 activa
448 2957 553 3025 forma
574 2957 756 3042 profertur,
789 2957 877 3041 quod
907 2957 1070 3042 significat
1090 2958 1265 3041 imaginem
1285 2958 1344 3025 ho-

147 3069 247 3136 minis
275 3070 411 3155 agentis.
463 3069 547 3136 Eam
574 3074 684 3135 autem
717 3090 805 3150 rem,
839 3071 931 3156 cujus
961 3091 1062 3155 opera
1091 3070 1188 3137 homo
1219 3069 1344 3154 aliquid

150 3183 264 3263 faciat,
286 3183 538 3248 instrumentum
557 3203 638 3263 esso,
666 3202 760 3249 nemo
784 3186 834 3248 est
855 3184 934 3267 quin
954 3187 1060 3266 neget.
1103 3183 1141 3249 In
1161 3181 1345 3268 posteriore

149 3295 325 3362 enuntiato
348 3293 531 3379 subjectum
554 3287 677 3360 estias
698 3298 781 3361 acta.
827 3296 922 3376 Quod
935 3316 989 3362 res
1004 3301 1113 3361 autam
1126 3294 1343 3362 instrumento

147 3409 202 3476 uti
224 3429 288 3475 non
316 3411 444 3494 potest,
477 3405 512 3473 id
532 3405 621 3491 quod
649 3408 745 3474 unius
768 3407 908 3475 hominis
931 3413 996 3490 est,
1025 3409 1088 3476 hoc
1120 3409 1192 3474 loco
1222 3408 1343 3488 „multo

147 3520 283 3588 labose“
314 3519 366 3586 vel
388 3541 514 3586 causam
543 3519 595 3586 vol
622 3526 742 3586 modum
770 3521 820 3587 roi
847 3525 941 3587 actae
973 3521 1105 3587 indicat.
1159 3521 1268 3600 Quare
1296 3519 1343 3600 fit,

147 3637 191 3700 ut
217 3633 251 3698 in
279 3630 388 3699 verbis
426 3631 566 3716 passivis
595 3631 648 3698 vel
676 3633 891 3700 intransitivis
921 3654 998 3699 raro
1028 3633 1202 3719 dijudicari
1230 3633 1344 3718 possit,

147 3748 261 3812 utrum
281 3743 445 3810 ablativus
465 3743 508 3810 sit
529 3742 787 3810 instrumentalis
810 3765 852 3812 an
875 3745 1024 3812 causalis.
1069 3745 1104 3810 Si
1126 3766 1195 3811 rem
1218 3748 1345 3828 gestam

147 3861 347 3942 spectamus,
371 3855 512 3922 causalis
523 3855 660 3938 videtur,
684 3857 711 3922 si
726 3856 889 3924 hominem
915 3861 1066 3942 agentem
1077 3858 1344 3924 instrumentalis.

147 3968 247 4036 Tales
269 3968 431 4036 ablativos
451 3969 669 4036 nominamus:
693 3967 863 4050 „Ablative
885 3970 1093 4037 instrumenti
1114 3970 1174 4036 mit
1194 3972 1344 4037 causales

146 4082 372 4166 Bedeutung.“

238 4194 357 4260 Omnes
386 4191 547 4260 ablativos
570 4193 853 4275 instrumentales,
891 4193 948 4278 qui
978 4193 1132 4278 legimtur
1157 4194 1245 4279 apud
1274 4194 1344 4260 Sal·

145 4307 285 4374 lustium
312 4325 519 4386 enumerare,
546 4305 678 4390 longum
711 4310 769 4372 est.
812 4304 939 4387 Adero,
968 4326 1049 4390 quos
1078 4306 1226 4390 congessi
1255 4311 1288 4370 et
1309 4306 1343 4371 in

146 4415 299 4488 ordinem
336 4415 499 4500 quondam
529 4416 650 4502 redegi.
695 4423 840 4484 Portitor
877 4423 1017 4498 corporis
1045 4417 1187 4502 primum
1223 4418 1345 4483 utimur

143 4529 377 4598 instrumentis
416 4534 449 4594 et
478 4527 596 4614 agendi
638 4529 808 4597 subsidiis:
846 4534 905 4596 aut
946 4551 1038 4596 mono
1071 4529 1256 4614 significare
1288 4535 1346 4596 aut
