3180 5276
578 421 866 523 ſses-

160 640 223 706 hoc
255 661 374 725 genere
405 643 585 710 uenationis
616 645 678 729 (se)
711 650 873 711 exercent.
915 644 1013 710 Nullo
1039 645 1111 712 loco
1136 667 1243 732 neque
1263 647 1352 732 apud

160 751 351 819 Sallustium
390 776 495 839 neque
528 756 617 841 apud
648 755 822 824 Gaesarem
864 756 986 841 legitur
1015 759 1216 844 praepositio
1248 764 1281 824 in
1310 760 1351 826 ci.

160 865 295 932 Fischer
314 888 346 951 p.
371 872 421 934 29.

247 978 418 1046 Ablatisus
458 985 586 1048 ababa
620 982 811 1067 conjunctus
852 1002 926 1048 cum
957 981 1066 1050 verbis
1102 988 1240 1050 mendi
1271 983 1353 1050 nihil

160 1090 307 1176 praehet,
330 1092 418 1175 quod
441 1099 625 1160 memoratu
646 1093 779 1177 dignum
801 1094 853 1159 sit
896 1094 1014 1160 Exstat
1027 1095 1096 1178 Iug.
1113 1101 1195 1181 18sp
1214 1095 1352 1162 navibus

158 1204 194 1268 in
215 1203 360 1269 Africam
381 1205 521 1290 trajecti
541 1207 611 1290 Ing.
636 1211 717 1291 ⁷321·
747 1205 885 1273 navibus
906 1206 940 1272 in
965 1225 1021 1272 eos
1041 1206 1131 1273 locos
1153 1207 1288 1274 venisse.
1311 1207 1350 1274 ir.

159 1316 224 1380 Ino.
250 1322 300 1383 35.
346 1337 418 1382 cum
443 1317 607 1384 Sertorius
629 1337 736 1401 neque
758 1323 944 1402 erumperet
970 1323 1039 1384 tam
1060 1318 1124 1384 levi
1146 1319 1241 1404 copia
1260 1321 1351 1386 navi·

158 1427 229 1493 bus.
275 1429 391 1495 cohors
412 1436 529 1512 praedi
547 1437 677 1510 phaselo
698 1436 793 1497 vecta
814 1430 853 1495 fr.
875 1431 932 1496 111.
949 1435 998 1497 56.
1043 1430 1213 1498 Ablativus
1230 1432 1351 1496 instru-

158 1542 260 1605 menti
289 1561 365 1620 epao
394 1543 521 1627 positus
551 1547 602 1608 est
629 1540 698 1608 ost.
722 1548 800 1628 59,5.
828 1542 899 1626 ipse
922 1564 999 1622 equo
1022 1543 1214 1609 circumiens
1235 1564 1351 1609 unum·

160 1673 321 1737 quemque
342 1655 512 1720 nominans
535 1653 688 1739 appellat.

246 1770 398 1830 Intenbam
420 1787 497 1844 esse,
520 1765 608 1849 quod
623 1765 744 1832 Caesar
765 1766 933 1852 conjungit
953 1785 1028 1832 cum
1044 1767 1286 1852 praepositione
1307 1771 1352 1833 od

159 1876 198 1941 of.
220 1876 295 1942 bell.
318 1878 393 1960 gall.
414 1883 442 1958 3,
450 1919 524 1965 m.
547 1878 590 1944 ad
609 1899 762 1963 pugnam,
783 1877 835 1943 vol
857 1884 890 1943 ia
912 1877 952 1944 oi.
974 1878 1049 1944 bell.
1072 1877 1146 1963 gall.
1174 1883 1203 1960 3,
1216 1919 1291 1965 m.
1316 1879 1350 1943 in

158 2010 198 2054 ea
219 2008 256 2054 re
277 1990 420 2055 omnium
448 1994 634 2055 nostrorum
663 1990 798 2056 intentis
818 1991 949 2071 animis,
982 1990 1155 2057 Sallustius
1180 1990 1349 2076 conjungit

158 2121 232 2166 cum
254 2100 411 2166 ablativo:
443 2107 547 2182 aliquo
576 2107 697 2184 necatio
718 2103 862 2168 intentus
886 2102 954 2169 Cat
978 2108 1044 2189 2,9.
1075 2108 1206 2182 repotiis
1229 2103 1350 2168 amico·

157 2234 231 2277 rum
259 2214 404 2278 intentus
433 2213 502 2279 Cat.
532 2220 582 2295 54,
590 2255 615 2300 4·
652 2219 882 2296 exspectatione
910 2218 1045 2281 eventus
1077 2215 1195 2280 civium
1225 2214 1350 2281 animos

156 2325 300 2390 intentos
329 2324 470 2409 putabat
498 2326 567 2410 Ing.
594 2333 677 2413 44‚3.
702 2331 825 2407 proelio
851 2327 994 2393 intentos
1018 2326 1088 2410 Ing.
1116 2332 1201 2414 76,2.
1231 2331 1349 2413 94‚3.4.

158 2443 229 2504 ollis
250 2443 381 2520 capeliis
402 2439 471 2522 Ing.
494 2443 545 2519 89,
552 2479 577 2525 3.
603 2439 720 2504 intenti
736 2443 964 2519 proeliantibus
985 2439 1053 2523 Ing.
1077 2443 1128 2521 93,
1137 2479 1162 2524 4.

244 2555 326 2616 Nili:
348 2549 417 2616 sich
437 2555 642 2635 anstrengen,
662 2551 785 2618 nullam
807 2549 945 2635 praebet
967 2550 1202 2617 difficultatem.
1225 2551 1265 2616 ci.
1280 2552 1349 2636 Ing.

156 2668 220 2748 4η.
247 2684 308 2747 per
333 2663 508 2729 latrocinia
534 2664 644 2747 potius
674 2685 773 2747 quam
803 2669 889 2729 bonis
920 2667 1040 2730 artibus
1136 2664 1285 2730 nituntur
1309 2663 1349 2729 ci.

158 2779 209 2854 15,
218 2816 242 2860 2.
271 2781 388 2855 abac,
416 2795 497 2840 voce.
521 2781 605 2862 60‚4.
628 2780 818 2857 corporibus.
864 2774 1021 2842 Aduerbii
1040 2774 1114 2841 loco
1136 2774 1272 2841 ablativi
1291 2796 1350 2861 po-

156 2887 213 2951 siti
235 2892 326 2952 sunt:
347 2909 463 2954 samm
485 2908 542 2967 ope
563 2888 624 2954 niti
642 2887 711 2954 Cat.
729 2893 789 2973 l,1.
812 2892 896 2973 38‚1.
918 2887 988 2972 Ing.
1011 2893 1070 2974 9,2.
1094 2892 1194 2973 blm.
1216 2893 1350 2953 mmo

155 3019 216 3078 ope
236 2999 305 3084 Ing.
331 3005 379 3081 14,
389 3042 429 3087 20.
458 3020 574 3066 samma
603 3005 633 3066 vl
650 3000 719 3083 lug.
743 3005 827 3086 25,9.
872 3000 1151 3083 Praepositionem
1179 3004 1224 3065 ab
1242 3000 1350 3065 inueni

153 3111 225 3196 Ing.
249 3117 311 3197 4‚7.
342 3112 384 3178 ad
406 3113 544 3197 imperia
566 3119 600 3178 et
620 3113 761 3178 honores
782 3113 941 3179 nituntur.
984 3113 1053 3196 Ing.
1077 3117 1127 3192 55,
1134 3152 1160 3198 3.
1185 3111 1228 3177 ad
1249 3112 1350 3177 victo·

153 3224 241 3288 riam
264 3224 303 3289 cf.
328 3224 418 3291 Caes.
442 3225 518 3291 bell.
540 3226 654 3309 galil.
667 3265 742 3311 ΒΜ.
765 3225 808 3291 ed
825 3224 1048 3290 sollicitandas
1064 3223 1221 3290 civitates.
1250 3223 1349 3290 Prae-

153 3336 277 3420 positio
305 3342 338 3400 ia
371 3338 545 3423 conjuncta
575 3357 649 3403 oum
678 3337 821 3403 ablativo
850 3337 901 3403 vel
927 3337 1112 3402 accusativo
1134 3355 1240 3419 neque
1262 3335 1350 3420 apud

154 3446 350 3513 Sallustium
371 3468 478 3532 neque
501 3449 589 3533 apud
610 3449 783 3516 Caesarem
807 3452 915 3515 exstat
936 3448 976 3514 oi.
996 3447 1131 3514 Fischer
1151 3469 1183 3531 p.
1206 3453 1256 3514 29.
1292 3451 1350 3512 nib

156 3558 251 3641 „sich
265 3565 410 3628 stiitzsn“
431 3561 551 3644 legitur
566 3561 635 3647 Ing.
651 3567 702 3643 93,
709 3603 734 3648 4.
759 3562 851 3647 cujus
864 3565 959 3627 ramis
973 3560 1079 3642 modo,
1101 3559 1198 3626 modo
1218 3564 1350 3625 emicem

153 3677 238 3738 tibus
258 3678 346 3738 sacis
366 3674 466 3741 nisus.

245 3785 431 3852 Ablativnm
462 3787 669 3872 conjunctum
702 3805 775 3852 cum
804 3785 912 3852 verbis
942 3789 1108 3851 erudiendi
1127 3784 1251 3851 habeo:
1280 3783 1349 3850 Cat.

153 3903 244 3983 25‚2.
275 3903 387 3964 litteris
421 3903 549 3965 Graecis
583 3905 617 3965 et
646 3903 767 3965 Latinis
796 3906 896 3965 docta.
930 3896 971 3964 cf.
994 3897 1059 3963 Cic.
1082 3898 1167 3962 Brut
1187 3902 1239 3980 47,
1249 3937 1288 3985 ῃ.
1311 3896 1349 3962 D.

151 4011 279 4076 Brutus
301 4010 364 4076 init
391 4010 489 4077 homo
520 4017 553 4078 et
582 4015 710 4077 Graecis
746 4017 852 4077 doctas
874 4015 986 4076 blicis
1009 4013 1044 4075 et
1063 4014 1194 4076 Manis.
1238 4014 1349 4074 litteris

145 4124 250 4208 juxta
272 4126 371 4206 atque
392 4122 578 4190 doctissime
600 4128 749 4190 eruditus.
771 4124 840 4207 lug.
864 4129 944 4208 95,3.

242 4234 360 4300 Mirum
390 4235 526 4302 ablativi
553 4236 759 4302 instrumenti
788 4240 988 4302 structuram
1014 4233 1152 4318 legimus
1174 4232 1243 4300 cat.
1266 4237 1349 4319 bbffi.

149 4369 220 4413 non
243 4346 322 4431 quin
345 4367 401 4414 aes
423 4347 565 4414 alienum
586 4352 661 4414 meis
682 4352 852 4413 nominibus
876 4367 915 4412 ex
940 4345 1201 4429 possessionibus
1224 4344 1349 4412 solvere

147 4480 301 4546 possem,
337 4480 436 4544 quum
468 4466 502 4526 et
530 4465 641 4526 alienis
668 4464 839 4525 caninibus
864 4458 1048 4524 liberalitas
1076 4456 1248 4524 Orestillae
1282 4457 1350 4523 suis

146 4573 328 4655 filiaequae
350 4573 452 4657 copiis
464 4573 673 4658 persolveret.
719 4593 775 4636 aes
794 4571 936 4636 alienum
951 4575 1025 4636 mels
1040 4574 1210 4634 nominibus
1227 4569 1351 4635 dictum

1098 4677 1114 4727 3
1123 4674 1138 4706 *
