3180 5276
214 767 458 851 Praepositione
483 788 547 847 pro
577 769 779 852 significatur
808 770 951 836 exterior
979 793 1058 855 pars
1085 772 1148 836 loci
1171 773 1317 856 alicujus,

129 881 304 965 opponitur
325 884 427 945 iutro:
450 880 537 963 quod
560 881 594 944 ni
617 880 756 946 Catilina
780 887 977 948 maturasset
994 905 1056 965 pro
1079 890 1169 950 cario
1192 885 1319 968 signum

129 993 225 1058 sociis
248 991 327 1057 dare
350 991 511 1077 Catldffl.
538 1013 600 1072 pro
623 999 744 1071 cestria,
767 995 862 1059 sicuti
884 995 1118 1080 imperabatur,
1139 997 1320 1062 consistunt

128 1105 196 1188 lug.
222 1110 297 1190 53‚1.
321 1125 385 1184 pro
409 1109 522 1170 castris
544 1105 670 1188 agitare
688 1104 783 1190 jubet
804 1106 873 1190 Ing.
886 1114 967 1193 59‚1.
995 1108 1113 1174 milites
1135 1129 1240 1192 neque
1257 1131 1319 1188 pro

129 1238 223 1297 opere
255 1215 432 1282 consistere
461 1215 530 1300 Iug.
555 1221 638 1302 923.
682 1237 746 1296 pro
773 1239 860 1284 muro
890 1219 958 1284 dies
989 1225 1165 1304 noctesque
1193 1221 1319 1304 agitare

127 1329 195 1412 Iug.
219 1333 271 1408 94,
280 1368 304 1412 4·
349 1327 422 1392 Uno
450 1327 522 1392 loco
554 1329 761 1412 conjunctum
793 1323 842 1395 est
862 1351 925 1409 pro
957 1353 1029 1396 cum
1060 1331 1159 1397 verbo
1184 1337 1318 1397 mittere:

123 1462 186 1519 pro
209 1444 324 1504 castris
346 1440 472 1523 equites
495 1460 536 1504 ex
558 1439 739 1505 auxiliariis
762 1441 893 1507 mittere
915 1443 1102 1529 Iug.100,4.
1133 1443 1318 1526 Intelligen-

129 1551 208 1616 dum
230 1557 288 1632 est,
311 1551 438 1634 equites
457 1551 573 1617 missos
596 1558 672 1618 ante
696 1558 804 1618 castra
818 1555 1000 1647 constitisse
1021 1555 1132 1639 ibique
1154 1555 1257 1620 aciem
1271 1557 1319 1621 in-

129 1663 288 1729 struxisse
310 1663 349 1728 cl.
371 1663 462 1728 Caes.
486 1662 561 1729 bell.
585 1663 659 1748 gall.
681 1665 706 1729 I.
729 1671 779 1745 48,
791 1707 816 1751 3.
861 1687 901 1731 ex
923 1687 961 1731 eo
984 1667 1036 1732 die
1058 1667 1127 1733 dies
1151 1668 1320 1734 continuos

130 1776 273 1860 quinque
297 1775 418 1842 Caesar
439 1795 501 1859 pro
523 1777 640 1842 castris
668 1797 744 1843 suas
768 1777 879 1862 copias
902 1779 1058 1862 produxit
1086 1785 1120 1844 et
1145 1780 1248 1845 aciem
1269 1780 1319 1844 in·

128 1892 288 1953 structam
308 1887 433 1953 habuit.

216 1999 254 2063 In
276 1999 361 2064 notis
391 1998 456 2064 illis
486 1998 634 2064 formulis
656 2006 864 2079 prorostris,
895 2023 957 2081 pro
977 2007 1134 2080 tribunali,
1162 2025 1224 2082 pro
1247 2025 1319 2085 sap-

128 2121 218 2192 uerat
242 2110 404 2195 significat
424 2111 625 2195 praepositio
646 2111 763 2192 locum,
784 2134 860 2178 nam
883 2114 911 2178 is
933 2116 989 2198 qui
1013 2137 1073 2200 pro
1097 2115 1212 2180 rostris
1232 2115 1319 2181 dice-

128 2223 196 2304 bat,
227 2224 382 2308 majorem
414 2227 543 2307 partem
577 2245 598 2288 a
618 2229 711 2307 tergo
741 2224 886 2290 habebat
916 2232 951 2303 et
981 2227 1014 2291 in
1043 2226 1198 2292 interiore
1223 2233 1319 2311 parte

128 2335 331 2400 versabatur.
376 2335 426 2400 Ex
447 2334 510 2400 hoc
531 2357 592 2400 usu
615 2336 774 2402 manavit:
796 2343 1024 2416 precepcione
1047 2344 1080 2403 et
1098 2361 1158 2418 pro
1183 2345 1318 2406 coasilio.

129 2447 226 2512 Notio
249 2446 500 2532 praepositionis
516 2469 580 2527 pro
603 2447 730 2513 accedit
752 2449 794 2512 ad
817 2450 980 2514 notionem
1001 2451 1252 2534 praepositionis
1275 2457 1317 2528 ia,

129 2559 217 2642 quod
240 2560 309 2644 jam
331 2563 458 2624 veteres
481 2559 684 2642 grammatici
706 2559 822 2626 Festus
843 2583 873 2645 p.
897 2566 969 2627 229.
1003 2560 1175 2628 Diomedes
1197 2584 1228 2646 p.
1255 2568 1317 2628 408

129 2672 319 2737 docuerunt.
356 2672 421 2736 Pro
444 2671 597 2736 concione
619 2670 791 2737 dicebatur
805 2673 844 2738 de
865 2695 912 2753 eo,
935 2673 1045 2756 quiin
1069 2674 1221 2738 concione
1243 2696 1318 2759 pro·

130 2805 261 2868 gressus
283 2783 401 2849 orabat
423 2783 640 2866 autaliquem
661 2784 828 2851 laudabat.
872 2786 968 2869 Apud
988 2787 1177 2852 Sallustium
1198 2787 1318 2870 legitur

128 2896 196 2979 lug.
220 2902 249 2975 8,
260 2937 285 2980 2.
329 2896 485 2962 donatum
508 2900 607 2978 atque
634 2894 804 2965 laudatum
826 2897 996 2980 magnifice
1013 2920 1076 2977 pro
1099 2904 1244 2964 concione
1265 2899 1318 2964 Iu-

129 3011 282 3094 gurtham
304 3010 339 3074 in
360 3009 563 3094 praetorium
585 3008 732 3078 abduxit.
754 3009 822 3092 lug.
847 3015 931 3094 29,6.
961 3010 1009 3074 uti
1025 3031 1088 3090 pro
1111 3015 1238 3076 consilio
1259 3013 1318 3076 im-

132 3127 284 3208 peratum
307 3127 386 3186 erat.
432 3121 534 3186 Mirus
558 3125 666 3186 exstat
686 3121 776 3186 locus
798 3122 867 3205 lug.
891 3127 974 3207 621.
1018 3122 1059 3187 ad
1082 3123 1145 3187 hoc
1166 3122 1318 3188 mulieres

128 3235 288 3320 puerique
303 3255 366 3314 pro
389 3239 476 3298 tectis
498 3233 720 3299 aedificiorum
743 3254 824 3298 saxa
846 3234 974 3315 atalia,
1005 3255 1089 3317 quae
1110 3235 1201 3300 locus
1224 3257 1319 3319 prae·

126 3347 230 3413 bebat
255 3347 393 3411 mittere.
445 3351 620 3411 Proiectis
650 3349 700 3410 est
731 3365 830 3426 „vern
862 3346 921 3411 aui
948 3347 1010 3413 den
1032 3347 1213 3426 Diichern“,
1243 3369 1319 3412 nam

135 3458 289 3525 mulieres
311 3459 345 3522 in
366 3457 474 3543 prima
502 3462 663 3523 tectorum
689 3463 785 3543 parte
811 3458 970 3525 sedebant
995 3460 1057 3540 ita,
1086 3464 1124 3524 ut
1144 3460 1318 3524 maximam

129 3577 260 3657 partem
285 3591 396 3636 eorum
416 3575 492 3654 post
514 3591 548 3635 se
569 3569 730 3636 haberent
751 3576 784 3635 et
805 3571 880 3635 inde
902 3571 970 3637 tela
991 3571 1172 3637 mittebant.
1194 3570 1234 3635 cf.
1251 3570 1318 3635 Liv.

128 3691 249 3769 mars·
294 3704 354 3767 pro
377 3681 559 3748 moenibus·
574 3687 673 3765 atque
705 3683 790 3748 turri
816 3683 883 3748 tela
911 3683 1041 3748 micare.
1086 3683 1188 3748 Tacit.
1212 3683 1317 3747 annal.

128 3803 177 3878 14,
185 3838 262 3883 sor·

217 3913 281 3972 Pro
303 3906 344 3972 de
366 3907 406 3972 iis
429 3906 557 3986 dicitur,
580 3927 664 3990 quae
686 3906 885 3990 praesidium
909 3906 1042 3990 aliquod
1062 3905 1237 3990 praebent:
1261 3927 1319 3972 au·

128 4020 227 4088 dacia
246 4039 419 4098 promere
446 4017 588 4083 habetur
614 4018 682 4082 Cat.
707 4024 804 4104 edm.
845 4039 920 4084 nos:
950 4018 1135 4098 „Kiihnheit
1156 4019 1247 4084 dient
1269 4019 1317 4083 als

126 4135 254 4210 Mamer,
280 4130 435 4195 schiitzt“.
457 4129 604 4216 plerique
627 4129 760 4195 caedem
781 4131 815 4194 in
838 4151 894 4196 vos
917 4129 1033 4196 fecisse
1049 4151 1113 4211 pro
1135 4135 1317 4195 munimento

124 4245 253 4312 habent
273 4242 342 4325 lug.
366 4247 464 4328 3l‚13.
508 4241 572 4307 Pro
593 4241 681 4306 idem
703 4247 753 4307 est
774 4263 813 4307 ac
832 4248 907 4320 uice,
936 4249 1011 4319 loco,
1042 4242 1159 4307 dicitur
1180 4264 1245 4307 non
1267 4263 1317 4306 so-

123 4358 196 4424 lum
216 4355 257 4420 dc
280 4353 475 4433 hominibus
505 4354 562 4419 sed
585 4354 683 4419 etiam
706 4355 746 4420 de
769 4354 867 4420 rebus
891 4359 923 4419 et
946 4354 1154 4436 argumentis.
1200 4354 1318 4419 Graeci

121 4472 254 4555 ponunt
275 4461 350 4534 ἀντὶ
376 4487 434 4530 nos
457 4465 612 4530 vertimus
643 4487 705 4545 „an
727 4466 827 4531 Stelle
850 4488 921 4545 von,
954 4471 1096 4530 anstatt“
1129 4467 1237 4531 alveos
1260 4487 1318 4531 na·

125 4581 215 4647 vium
238 4579 383 4644 inversos
400 4598 464 4658 pro
486 4578 624 4662 tuguriis
644 4569 790 4643 habuere
819 4579 1011 4658 „benutzten
1034 4577 1080 4642 sie
1103 4577 1151 4642 als
1174 4577 1316 4643 Hiitten“
1349 4575 1352 4584 “
