3180 5276
790 427 1006 488 ..gg-

303 613 371 696 lug.
397 617 475 697 18‚5.
527 615 560 688 et
589 630 700 674 eorum
732 610 871 694 perfidia
895 633 958 689 pro
988 599 1166 676 armis'uti
1191 617 1289 695 parat
1317 613 1377 694 lug.
1396 617 1451 695 Op.

301 745 361 804 pro
384 728 489 790 labora
511 721 645 802 desidia,
669 743 733 801 pro
755 727 943 788 continentia
964 727 998 788 et
1018 729 1174 802 aequitare
1194 723 1297 788 libido
1321 729 1405 806 atque
1419 745 1453 786 su·

303 835 419 920 perbis.
439 836 587 900 invasere
604 834 743 921 Oat.2‚5.
767 855 832 913 pro
851 841 982 913 patore,
998 857 1063 914 pro
1086 839 1283 912 abstinentia,
1301 857 1360 915 pro
1380 840 1455 900 virtut

304 946 444 1013 audacia
465 946 596 1030 largitio
620 947 758 1012 avaritia
780 946 934 1029 vigebant
956 946 1024 1011 (lat.
1049 951 1110 1032 3‚3.
1150 968 1213 1026 pro
1239 953 1288 1012 tis
1310 946 1457 1030 superbiam

378 1058 456 1125 daos
477 1057 643 1142 negligere
666 1059 774 1123 omnia
796 1058 924 1124 venalia
948 1058 1071 1124 habere
1093 1059 1225 1124 edocuit
1246 1059 1402 1144 Oat.10,4.
1427 1059 1458 1122 iu·

310 1177 402 1237 certa
417 1193 480 1252 pro
503 1169 607 1248 certis,
637 1169 757 1235 bellum
781 1191 878 1254 quam
900 1191 1016 1254 pacem
1037 1168 1205 1236 malebant
1226 1171 1295 1237 cac
1322 1177 1395 1256 ¹7³⁶·
1428 1171 1460 1234 iu·

305 1287 396 1348 certa
411 1304 476 1362 pro
496 1288 590 1348 certis
613 1286 780 1366 captarem
803 1281 872 1348 Oet.
886 1287 969 1367 20‚2.
994 1302 1058 1361 pro
1079 1287 1200 1347 incerta
1220 1303 1277 1362 spe
1300 1289 1461 1364 cortaprae

304 1395 370 1461 mia
393 1394 461 1460 Cat.
478 1399 562 1480 41‚2.
600 1415 664 1474 pra
686 1398 734 1458 bis
756 1413 815 1458 nos
837 1393 995 1458 habemus
1015 1394 1179 1458 luxuriam
1201 1400 1301 1478 atque
1324 1394 1462 1460 avaritiam

304 1507 434 1592 publice
457 1509 634 1590 egestatem
656 1505 810 1589 privatim
833 1505 1033 1589 opulentiam
1055 1505 1124 1572 Oat.
1140 1511 1240 1591 ὅλῃ.
1273 1505 1406 1589 integros
1419 1525 1463 1584 pra

305 1618 425 1686 sauciis
448 1637 616 1684 accersere
640 1618 708 1683 Cat.
732 1622 782 1696 60,
791 1658 816 1702 4.
860 1616 1004 1682 barbara
1025 1617 1139 1700 lingua
1160 1616 1294 1683 Mauros
1310 1639 1371 1698 pro
1391 1621 1465 1682 Medi

304 1730 508 1816 adpellantee
530 1730 598 1814 lug.
619 1735 716 1816 18‚10.
751 1751 816 1794 neu
837 1729 968 1794 nomina
989 1750 1099 1794 rerum
1122 1729 1165 1794 ad
1182 1730 1346 1812 ignaviam
1367 1734 1466 1794 mutau-

304 1848 354 1908 tes
383 1841 486 1908 otium
509 1861 574 1920 pro
602 1847 726 1906 servitio
755 1839 927 1926 appelletis
956 1841 1009 1906 Or.
1032 1841 1132 1905 Macr.
1159 1846 1206 1905 13.
1245 1862 1310 1920 pra
1339 1852 1410 1906 mata
1431 1860 1468 1903 re-

304 1958 403 2039 ponte
426 1952 581 2036 gaudium
611 1957 759 2018 exortum
789 1953 857 2036 lug.
881 1957 965 2037 53‚3.
1010 1953 1137 2017 incerta
1161 1959 1342 2032 precariis
1367 1957 1469 2017 mutare

304 2067 374 2150 lug.
396 2069 481 2151 83,1.
524 2065 573 2128 ita
603 2069 714 2148 sperat
745 2064 834 2130 illam
865 2083 1007 2147 pugnam
1030 2086 1094 2144 pro
1124 2069 1221 2129 omine
1247 2065 1327 2130 belli
1353 2064 1471 2130 futuram

305 2177 345 2243 fr.
368 2177 432 2242 luc.
457 2181 507 2243 61.
553 2181 586 2240 et
613 2197 651 2242 eo
679 2175 910 2272 magnitudinis
940 2176 1165 2259 procederent,
1194 2175 1253 2241 ubi
1278 2197 1340 2256 pro
1360 2179 1472 2241 mortali-

310 2295 365 2354 bus
392 2288 497 2372 gloria
526 2287 651 2352 aeterni
679 2286 795 2352 fierent
826 2287 894 2370 lug.
921 2295 980 2373 lg.
1025 2287 1129 2352 Notae
1160 2293 1237 2354 sunt
1263 2288 1339 2354 illae
1368 2285 1474 2352 dicendi
1543 2327 1544 2332 .

307 2399 467 2467 formulae
490 2405 645 2484 quaestor
663 2421 722 2481 pro
741 2410 891 2479 praetore
912 2399 1028 2464 missus
1052 2404 1102 2464 est
1117 2400 1187 2466 Oai.
1212 2406 1297 2485 19,1.
1327 2401 1403 2466 Aulo
1421 2397 1475 2462 lra-

307 2518 358 2578 tre
380 2513 414 2578 in
432 2513 548 2578 caetris
564 2533 627 2592 pro
643 2522 795 2593 praetore
814 2511 929 2577 relicto
951 2511 1019 2594 lug.
1037 2517 1120 2597 36,4.
1152 2532 1250 2595 quem
1266 2534 1331 2592 pra
1347 2520 1477 2592 praetore

307 2625 341 2691 in
364 2624 481 2690 caetris
504 2625 654 2690 relictum
677 2643 777 2706 supra
801 2621 968 2689 docuimus
990 2623 1058 2708 lug.
1083 2629 1168 2709 37‚3.
1193 2635 1419 2703 propraetore
1437 2641 1478 2685 re·

305 2738 448 2820 liquerat
476 2736 544 2820 lug.
580 2740 650 2815 103,
659 2775 683 2821 4.
736 2756 823 2800 nunc
853 2739 903 2802 est
924 2757 988 2816 pro
1019 2742 1143 2801 consule
1173 2756 1247 2800 cum
1276 2737 1408 2821 imperio
1434 2732 1479 2797 Or.

309 2848 391 2914 Phil.
415 2853 443 2913 7.
495 2869 568 2913 cum
598 2849 634 2926 Q.
666 2847 782 2913 Catulo
802 2869 865 2928 pra
897 2855 1020 2913 console
1050 2852 1084 2911 et
1116 2849 1233 2912 ceteris
1265 2846 1320 2912 Or.
1346 2847 1421 2912 Phil.
1438 2849 1480 2909 22.

307 2963 366 3040 Qu.
397 2959 556 3026 Marcium
586 2961 708 3043 Regem
732 2981 796 3040 pro
825 2967 949 3025 consata
978 2980 1037 3043 per
1066 2959 1336 3044 Lycaoniam
1365 2957 1483 3026 tendere

307 3073 346 3137 ir.
371 3073 408 3137 V.
434 3078 482 3137 ll.
527 3093 591 3137 neu
616 3073 688 3154 quis
709 3072 802 3136 miles
824 3092 904 3136 neve
921 3093 984 3152 pro
1006 3076 1099 3135 milite
1119 3070 1158 3136 fr.
1181 3071 1246 3135 Ino.
1269 3077 1322 3138 49.

392 3189 455 3248 Pro
477 3182 639 3266 significat
666 3182 700 3247 id
734 3182 821 3264 quod
851 3183 993 3265 speciem
1022 3182 1160 3267 alicujus
1187 3182 1235 3246 rei
1262 3183 1379 3264 induit,
1408 3178 1487 3266 qnod

306 3296 410 3360 instar
439 3299 490 3359 est
520 3294 658 3378 alicujus
688 3293 744 3356 rei.
798 3293 903 3376 Saepe
934 3293 1020 3358 idem
1049 3299 1099 3360 eet
1128 3295 1215 3377 quod
1245 3306 1294 3371 at,
1327 3307 1487 3376 tamquam:

306 3407 396 3472 nulla
410 3426 474 3485 pro
496 3410 582 3470 socia
604 3403 730 3469 obtinet
750 3403 818 3488 Iug.
842 3409 892 3484 80,
902 3445 926 3488 6.
964 3405 1042 3487 quia
1064 3427 1128 3472 non
1150 3407 1304 3491 fugerant
1321 3431 1383 3488 pra
1404 3412 1488 3472 uicto·

307 3522 394 3597 ribai
414 3537 512 3600 agere
534 3517 602 3600 Iug.
627 3521 710 3602 98‚ss.
756 3537 810 3581 eos
828 3515 883 3580 ille
906 3534 970 3580 non
986 3537 1050 3596 pro
1073 3523 1161 3582 nanis
1184 3524 1330 3598 teostitae,
1363 3521 1408 3586 uti
1425 3537 1490 3582 me-

307 3630 363 3695 riti
386 3632 488 3707 erant,
510 3627 567 3694 sed
589 3634 742 3696 accurate
765 3634 799 3696 et
820 3626 1001 3694 liberaliter
1022 3628 1139 3693 habuit
1160 3631 1227 3715 Iug.
1250 3636 1321 3712 103,
1328 3674 1354 3719 ὅ.
1376 3629 1491 3716 plebes,

307 3741 524 3825 quodcunque
554 3741 675 3807 accidit
699 3763 763 3822 pro
792 3747 879 3807 viciis
915 3744 965 3805 eet
994 3745 1027 3805 et
1056 3741 1089 3803 in
1122 3739 1191 3806 dies
1219 3745 1323 3826 magis
1354 3745 1413 3810 erit
1436 3741 1493 3805 Or.

308 3853 408 3918 Macr.
432 3857 483 3919 28.
522 3857 688 3938 postremo
712 3853 807 3920 sociis
829 3854 945 3920 vestris
967 3852 1068 3918 veluti
1089 3851 1247 3936 hostibus,
1269 3855 1415 3921 hostibus
1427 3873 1494 3933 pro

307 3970 399 4030 sactis
420 3970 556 4030 utuntur
576 3966 644 4050 lug.
669 3971 768 4052 timp.

395 4076 581 4162 Ueurpatur
598 4099 662 4158 pro
685 4077 725 4142 da
749 4079 855 4162 gratia
872 4077 1009 4161 alicujus
1029 4077 1076 4143 rei
1097 4079 1147 4143 uel
1169 4079 1284 4162 pretio,
1306 4101 1371 4163 qua
1386 4078 1499 4159 aliqua

308 4209 361 4254 roe
388 4188 597 4273 expenditur:
621 4189 759 4254 convicti
778 4189 910 4274 judiciis
930 4195 988 4255 ant
1004 4211 1067 4269 pro
1085 4195 1182 4270 sartis
1198 4189 1359 4272 judicium
1381 4191 1499 4254 timen-

195 4371 197 4380 ,
308 4299 545 4386 tesOat.14‚3.
584 4300 715 4366 civitate
735 4321 795 4380 pro
817 4306 917 4366 araldo
940 4307 973 4366 et
995 4305 1129 4382 epreptis
1146 4305 1243 4380 saetis
1266 4322 1285 4366 a
1305 4279 1394 4368 vobis
1414 4299 1502 4366 data

310 4411 364 4477 Or.
387 4412 464 4496 Lep.
489 4416 536 4477 12.
576 4415 769 4492 proauitae
801 4416 954 4490 beneficiis
978 4413 1032 4478 vix
1064 4413 1144 4478 eatis
1174 4417 1285 4494 gratus
1307 4414 1415 4478 videar
1438 4411 1502 4478 Or.

312 4523 394 4589 Oott.
417 4531 443 4590 ὑ.
489 4524 648 4590 uolentem
666 4545 729 4604 pro
752 4527 891 4588 mactatis
913 4527 1066 4602 beneficiis
1099 4525 1239 4589 animam
1262 4524 1346 4589 dono
1369 4521 1507 4662 Quo

1195 4809 1575 5259 Vl
